@ARTICLE{1991ApJ...380L..75M,
       author = {{Menten}, Karl M.},
        title = "{The Discovery of a New, Very Strong, and Widespread Interstellar Methanol Maser Line}",
      journal = {\apjl},
     keywords = {Emission Spectra, Interstellar Masers, Methyl Alcohol, Star Formation, Astronomical Spectroscopy, Electron Transitions, H Ii Regions, Maser Pumping, Astrophysics, INTERSTELLAR: MOLECULES, MASERS, NEBULAE: H II REGIONS, RADIO SOURCES: LINES, STARS: FORMATION},
         year = 1991,
        month = oct,
       volume = {380},
        pages = {L75},
          doi = {10.1086/186177},
       adsurl = {https://ui.adsabs.harvard.edu/abs/1991ApJ...380L..75M},
      adsnote = {Provided by the SAO/NASA Astrophysics Data System}
}


@ARTICLE{2013ApJ...765..133J,
       author = {{Johnstone}, Doug and {Hendricks}, Benjamin and {Herczeg}, Gregory J. and
         {Bruderer}, Simon},
        title = "{Continuum Variability of Deeply Embedded Protostars as a Probe of Envelope Structure}",
      journal = {\apj},
     keywords = {circumstellar matter, radiative transfer, stars: formation, stars: protostars, stars: variables: T Tauri, Herbig Ae/Be, Astrophysics - Solar and Stellar Astrophysics},
         year = 2013,
        month = mar,
       volume = {765},
       number = {2},
          eid = {133},
        pages = {133},
          doi = {10.1088/0004-637X/765/2/133},
archivePrefix = {arXiv},
       eprint = {1301.7341},
 primaryClass = {astro-ph.SR},
       adsurl = {https://ui.adsabs.harvard.edu/abs/2013ApJ...765..133J},
      adsnote = {Provided by the SAO/NASA Astrophysics Data System}
}

@ARTICLE{2020A&A...634A.103D,
       author = {{Dartois}, E. and {Chabot}, M. and {Bacmann}, A. and {Boduch}, P. and
         {Domaracka}, A. and {Rothard}, H.},
        title = "{Non-thermal desorption of complex organic molecules. Cosmic-ray sputtering of CH$_{3}$OH embedded in CO$_{2}$ ice}",
      journal = {\aap},
     keywords = {astrochemistry, cosmic rays, molecular processes, ISM: lines and bands, solid state: volatile, ISM: molecules, Astrophysics - Astrophysics of Galaxies},
         year = 2020,
        month = feb,
       volume = {634},
          eid = {A103},
        pages = {A103},
          doi = {10.1051/0004-6361/201936934},
archivePrefix = {arXiv},
       eprint = {2001.06349},
 primaryClass = {astro-ph.GA},
       adsurl = {https://ui.adsabs.harvard.edu/abs/2020A&A...634A.103D},
      adsnote = {Provided by the SAO/NASA Astrophysics Data System}
}


@ARTICLE{2019MNRAS.484..226P,
       author = {{Pomohaci}, Robert and {Oudmaijer}, Ren{\'e} D. and {Goodwin}, Simon P.},
        title = "{A pilot survey of the binarity of Massive Young Stellar Objects with K-band adaptive optics}",
      journal = {\mnras},
     keywords = {(stars:) binaries: general, stars: formation, stars: massive, stars: pre-main-sequence, Astrophysics - Solar and Stellar Astrophysics, Astrophysics - Astrophysics of Galaxies},
         year = 2019,
        month = mar,
       volume = {484},
       number = {1},
        pages = {226-238},
          doi = {10.1093/mnras/stz014},
archivePrefix = {arXiv},
       eprint = {1901.04716},
 primaryClass = {astro-ph.SR},
       adsurl = {https://ui.adsabs.harvard.edu/abs/2019MNRAS.484..226P},
      adsnote = {Provided by the SAO/NASA Astrophysics Data System}
}

@ARTICLE{2019MNRAS.484.2482M,
       author = {{Meyer}, D.~M. -A. and {Haemmerl{\'e}}, L. and {Vorobyov}, E.~I.},
        title = "{On the episodic excursions of massive protostars in the Hertzsprung-Russell diagram}",
      journal = {\mnras},
     keywords = {methods: numerical, stars: circumstellar matter, stars: evolution, stars: flares, Astrophysics - Solar and Stellar Astrophysics},
         year = 2019,
        month = apr,
       volume = {484},
       number = {2},
        pages = {2482-2498},
          doi = {10.1093/mnras/sty3527},
archivePrefix = {arXiv},
       eprint = {1812.10762},
 primaryClass = {astro-ph.SR},
       adsurl = {https://ui.adsabs.harvard.edu/abs/2019MNRAS.484.2482M},
      adsnote = {Provided by the SAO/NASA Astrophysics Data System}
}

@ARTICLE{2016ApJ...832...40K,
       author = {{Kuiper}, Rolf and {Turner}, Neal J. and {Yorke}, Harold W.},
        title = "{Protostellar Outflows and Radiative Feedback from Massive Stars. II. Feedback, Star-formation Efficiency, and Outflow Broadening}",
      journal = {\apj},
     keywords = {accretion, accretion disks, methods: numerical, stars: formation, stars: jets, stars: massive, stars: winds, outflows, Astrophysics - Solar and Stellar Astrophysics, Astrophysics - Astrophysics of Galaxies},
         year = 2016,
        month = nov,
       volume = {832},
       number = {1},
          eid = {40},
        pages = {40},
          doi = {10.3847/0004-637X/832/1/40},
archivePrefix = {arXiv},
       eprint = {1609.05208},
 primaryClass = {astro-ph.SR},
       adsurl = {https://ui.adsabs.harvard.edu/abs/2016ApJ...832...40K},
      adsnote = {Provided by the SAO/NASA Astrophysics Data System}
}

@ARTICLE{1976ApJ...210..377U,
       author = {{Ulrich}, R.~K.},
        title = "{An infall model for the T Tauri phenomenon.}",
      journal = {\apj},
     keywords = {Emission Spectra, Gravitational Collapse, Stellar Evolution, Stellar Spectra, T Tauri Stars, Variable Stars, H Alpha Line, H Beta Line, Kinetic Energy, Line Spectra, Radiative Transfer, Shock Layers, Stellar Models, Astrophysics},
         year = 1976,
        month = dec,
       volume = {210},
        pages = {377-391},
          doi = {10.1086/154840},
       adsurl = {https://ui.adsabs.harvard.edu/abs/1976ApJ...210..377U},
      adsnote = {Provided by the SAO/NASA Astrophysics Data System}
}

@INPROCEEDINGS{1991ASPC...16..119M,
       author = {{Menten}, Karl M.},
        title = "{Methanol Masers and Submillimeter Wavelength Water Masers in Star-Forming Regions}",
    booktitle = {Atoms, Ions and Molecules: New Results in Spectral Line Astrophysics},
         year = 1991,
       editor = {{Haschick}, Aubrey D. and {Ho}, Paul T.~P.},
       series = {Astronomical Society of the Pacific Conference Series},
       volume = {16},
        month = jan,
        pages = {119-136},
       adsurl = {https://ui.adsabs.harvard.edu/abs/1991ASPC...16..119M},
      adsnote = {Provided by the SAO/NASA Astrophysics Data System}
}

@ARTICLE{2019MNRAS.485.1843W,
       author = {{Wiebe}, Dmitri S. and {Molyarova}, Tamara S. and {Akimkin}, Vitaly V. and
         {Vorobyov}, Eduard I. and {Semenov}, Dmitry A.},
        title = "{Luminosity outburst chemistry in protoplanetary discs: going beyond standard tracers}",
      journal = {\mnras},
     keywords = {accretion, accretion discs, molecular processes, stars: formation, Astrophysics - Earth and Planetary Astrophysics},
         year = 2019,
        month = may,
       volume = {485},
       number = {2},
        pages = {1843-1863},
          doi = {10.1093/mnras/stz512},
archivePrefix = {arXiv},
       eprint = {1902.07475},
 primaryClass = {astro-ph.EP},
       adsurl = {https://ui.adsabs.harvard.edu/abs/2019MNRAS.485.1843W},
      adsnote = {Provided by the SAO/NASA Astrophysics Data System}
}


@ARTICLE{2019MNRAS.487.4465M,
       author = {{MacFarlane}, Benjamin and {Stamatellos}, Dimitris and
         {Johnstone}, Doug and {Herczeg}, Gregory and {Baek}, Giseon and
         {Chen}, Huei-Ru Vivien and {Kang}, Sung-Ju and {Lee}, Jeong-Eun},
        title = "{Observational signatures of outbursting protostars - II. Exploring a wide range of eruptive protostars}",
      journal = {\mnras},
     keywords = {accretion, accretion discs, radiative transfer, stars: protostars, stars: variables: general, Astrophysics - Solar and Stellar Astrophysics, Astrophysics - Astrophysics of Galaxies},
         year = 2019,
        month = aug,
       volume = {487},
       number = {4},
        pages = {4465-4472},
          doi = {10.1093/mnras/stz1570},
archivePrefix = {arXiv},
       eprint = {1906.01966},
 primaryClass = {astro-ph.SR},
       adsurl = {https://ui.adsabs.harvard.edu/abs/2019MNRAS.487.4465M},
      adsnote = {Provided by the SAO/NASA Astrophysics Data System}
}

@ARTICLE{2014yCat.2328....0C,
       author = {{Cutri}, R.~M. and {et al.}},
        title = "{VizieR Online Data Catalog: AllWISE Data Release (Cutri+ 2013)}",
      journal = {VizieR Online Data Catalog},
     keywords = {WISE},
         year = 2014,
        month = jan,
          eid = {II/328},
        pages = {II/328},
       adsurl = {https://ui.adsabs.harvard.edu/abs/2014yCat.2328....0C},
      adsnote = {Provided by the SAO/NASA Astrophysics Data System}
}

@ARTICLE{2008ApJS..175..147R,
       author = {{Ram{\'\i}rez}, Solange V. and {Arendt}, Richard G. and
         {Sellgren}, Kris and {Stolovy}, Susan R. and {Cotera}, Angela and
         {Smith}, Howard A. and {Yusef-Zadeh}, Farhad},
        title = "{Point Sources from a Spitzer IRAC Survey of the Galactic Center}",
      journal = {\apjs},
     keywords = {Galaxy: center, stars: late-type, Astrophysics},
         year = 2008,
        month = mar,
       volume = {175},
       number = {1},
        pages = {147-164},
          doi = {10.1086/524015},
archivePrefix = {arXiv},
       eprint = {0709.3113},
 primaryClass = {astro-ph},
       adsurl = {https://ui.adsabs.harvard.edu/abs/2008ApJS..175..147R},
      adsnote = {Provided by the SAO/NASA Astrophysics Data System}
}

@ARTICLE{2018ApJS..234...22P,
       author = {{Parsons}, H. and {Dempsey}, J.~T. and {Thomas}, H.~S. and {Berry}, D. and
         {Currie}, M.~J. and {Friberg}, P. and {Wouterloot}, J.~G.~A. and
         {Chrysostomou}, A. and {Graves}, S. and {Tilanus}, R.~P.~J. and
         {Bell}, G.~S. and {Rawlings}, M.~G.},
        title = "{The Dusty Galactic Center as Seen by SCUBA-2}",
      journal = {\apjs},
     keywords = {dust, extinction, ISM: clouds, ISM: molecules, stars: formation, submillimeter: ISM},
         year = 2018,
        month = feb,
       volume = {234},
       number = {2},
          eid = {22},
        pages = {22},
          doi = {10.3847/1538-4365/aa989c},
       adsurl = {https://ui.adsabs.harvard.edu/abs/2018ApJS..234...22P},
      adsnote = {Provided by the SAO/NASA Astrophysics Data System}
}


@ARTICLE{2017A&A...604A..15R,
       author = {{Rab}, Ch. and {Elbakyan}, V. and {Vorobyov}, E. and {G{\"u}del}, M. and
         {Dionatos}, O. and {Audard}, M. and {Kamp}, I. and {Thi}, W. -F. and
         {Woitke}, P. and {Postel}, A.},
        title = "{The chemistry of episodic accretion in embedded objects. 2D radiation thermo-chemical models of the post-burst phase}",
      journal = {\aap},
     keywords = {stars: protostars, stars: low-mass, accretion, accretion disks, astrochemistry, methods: numerical, Astrophysics - Solar and Stellar Astrophysics, Astrophysics - Astrophysics of Galaxies},
         year = 2017,
        month = jul,
       volume = {604},
          eid = {A15},
        pages = {A15},
          doi = {10.1051/0004-6361/201730812},
archivePrefix = {arXiv},
       eprint = {1705.03946},
 primaryClass = {astro-ph.SR},
       adsurl = {https://ui.adsabs.harvard.edu/abs/2017A&A...604A..15R},
      adsnote = {Provided by the SAO/NASA Astrophysics Data System}
}

@ARTICLE{2004MNRAS.354.1133C,
       author = {{Collings}, Mark P. and {Anderson}, Mark A. and {Chen}, Rui and
         {Dever}, John W. and {Viti}, Serena and {Williams}, David A. and
         {McCoustra}, Martin R.~S.},
        title = "{A laboratory survey of the thermal desorption of astrophysically relevant molecules}",
      journal = {\mnras},
     keywords = {astrochemistry, molecular processes, methods: laboratory, stars: formation, ISM: molecules},
         year = 2004,
        month = nov,
       volume = {354},
       number = {4},
        pages = {1133-1140},
          doi = {10.1111/j.1365-2966.2004.08272.x},
       adsurl = {https://ui.adsabs.harvard.edu/abs/2004MNRAS.354.1133C},
      adsnote = {Provided by the SAO/NASA Astrophysics Data System}
}

@ARTICLE{10.1093/mnras/staa1254,
    author = {Contreras Peña, Carlos and Johnstone, Doug and Baek, Giseon and Herczeg, Gregory J and Mairs, Steve and Scholz, Aleks and Lee, Jeong-Eun and The JCMT Transient Team},
    title = "{The relationship between mid-infrared and sub-millimetre variability of deeply embedded protostars}",
    journal = {Monthly Notices of the Royal Astronomical Society},
    volume = {495},
    number = {4},
    pages = {3614-3635},
    year = {2020},
    month = {05},
    issn = {0035-8711},
    doi = {10.1093/mnras/staa1254},
    url = {https://doi.org/10.1093/mnras/staa1254},
    eprint = {https://academic.oup.com/mnras/article-pdf/495/4/3614/33527678/staa1254.pdf},
}

@INPROCEEDINGS{hansfest,
author = {{Stecklum}, Bringfried and {Caratti o Garatti}, Alessio and {Cardenas}, M.\,C. and {Cesaroni}, Riccardo and {de Wit}, W.\,J. and {Garcia Lopez}, Rebecca and {Eislöffel}, J},
title = {A wonder of star formation - watching a massive star grow},
adsurl = {https://www-archive.ph.ed.ac.uk/star-formation/sites/default/files/attachments/stecklum_update.pdf},
booktitle = {The wonders of star formation},
series = {online proceedings},
organization = {},
year = {2018},
month = {sep},
urldate = {2018-09-05},
note   = "\url{https://www-archive.ph.ed.ac.uk/star-formation/sites/default/files/attachments/stecklum_update.pdf}",
}

}
@ARTICLE{2020A&A...634L..11J,
       author = {{Johnston}, Katharine G. and {Hoare}, Melvin G. and {Beuther}, Henrik and
         {Kuiper}, Rolf and {Kee}, Nathaniel Dylan and {Linz}, Hendrik and
         {Boley}, Paul and {Maud}, Luke T. and {Ahmadi}, Aida and
         {Robitaille}, Thomas P.},
        title = "{Spiral arms and instability within the AFGL 4176 mm1 disc}",
      journal = {\aap},
     keywords = {accretion, accretion disks, circumstellar matter, stars: formation, stars: massive, techniques: interferometric, Astrophysics - Solar and Stellar Astrophysics, Astrophysics - Astrophysics of Galaxies},
         year = 2020,
        month = feb,
       volume = {634},
          eid = {L11},
        pages = {L11},
          doi = {10.1051/0004-6361/201937154},
archivePrefix = {arXiv},
       eprint = {1911.09692},
 primaryClass = {astro-ph.SR},
       adsurl = {https://ui.adsabs.harvard.edu/abs/2020A&A...634L..11J},
      adsnote = {Provided by the SAO/NASA Astrophysics Data System}
}

@ARTICLE{2020AdSpR..65..831L,
       author = {{Linz}, Hendrik and {Bhatia}, Divya and {Buinhas}, Luisa and
         {Lezius}, Matthias and {Ferrer}, Eloi and {F{\"o}rstner}, Roger and
         {Frankl}, Kathrin and {Philips-Blum}, Mathias and {Steen}, Meiko and
         {Bestmann}, Ulf and {H{\"a}nsel}, Wolfgang and {Holzwarth}, Ronald and
         {Krause}, Oliver and {Pany}, Thomas},
        title = "{InfraRed Astronomy Satellite Swarm Interferometry (IRASSI): Overview and study results}",
      journal = {Advances in Space Research},
     keywords = {Far-infrared, Heterodyne interferometry, Formation flying, Laser metrology, Attitude estimation, Astrophysics - Instrumentation and Methods for Astrophysics, Physics - Instrumentation and Detectors, Physics - Space Physics},
         year = 2020,
        month = jan,
       volume = {65},
       number = {2},
        pages = {831-849},
          doi = {10.1016/j.asr.2019.06.022},
archivePrefix = {arXiv},
       eprint = {1907.07989},
 primaryClass = {astro-ph.IM},
       adsurl = {https://ui.adsabs.harvard.edu/abs/2020AdSpR..65..831L},
      adsnote = {Provided by the SAO/NASA Astrophysics Data System}
}

@ARTICLE{2007ARA&A..45..481Z,
       author = {{Zinnecker}, Hans and {Yorke}, Harold W.},
        title = "{Toward Understanding Massive Star Formation}",
      journal = {\araa},
     keywords = {Astrophysics},
         year = 2007,
        month = sep,
       volume = {45},
       number = {1},
        pages = {481-563},
          doi = {10.1146/annurev.astro.44.051905.092549},
archivePrefix = {arXiv},
       eprint = {0707.1279},
 primaryClass = {astro-ph},
       adsurl = {https://ui.adsabs.harvard.edu/abs/2007ARA&A..45..481Z},
      adsnote = {Provided by the SAO/NASA Astrophysics Data System}
}

@ARTICLE{2013A&A...553A...5S,
       author = {{Sturm}, B. and {Bouwman}, J. and {Henning}, Th. and {Evans}, N.~J. and
         {Waters}, L.~B.~F.~M. and {van Dishoeck}, E.~F. and {Green}, J.~D. and
         {Olofsson}, J. and {Meeus}, G. and {Maaskant}, K. and {Dominik}, C. and
         {Augereau}, J.~C. and {Mulders}, G.~D. and {Acke}, B. and {Merin}, B. and
         {Herczeg}, G.~J.},
        title = "{The 69 {\ensuremath{\mu}}m forsterite band in spectra of protoplanetary disks. Results from the Herschel DIGIT programme}",
      journal = {\aap},
     keywords = {stars: variables: T Tauri, Herbig Ae/Be, infrared: stars, techniques: spectroscopic, protoplanetary disks, Astrophysics - Solar and Stellar Astrophysics},
         year = 2013,
        month = may,
       volume = {553},
          eid = {A5},
        pages = {A5},
          doi = {10.1051/0004-6361/201220243},
archivePrefix = {arXiv},
       eprint = {1303.3744},
 primaryClass = {astro-ph.SR},
       adsurl = {https://ui.adsabs.harvard.edu/abs/2013A&A...553A...5S},
      adsnote = {Provided by the SAO/NASA Astrophysics Data System}
}


@ARTICLE{2010NewA...15..433M,
       author = {{Minniti}, D. and {Lucas}, P.~W. and {Emerson}, J.~P. and
         {Saito}, R.~K. and {Hempel}, M. and {Pietrukowicz}, P. and
         {Ahumada}, A.~V. and {Alonso}, M.~V. and {Alonso-Garcia}, J. and
         {Arias}, J.~I. and {Bandyopadhyay}, R.~M. and {Barb{\'a}}, R.~H. and
         {Barbuy}, B. and {Bedin}, L.~R. and {Bica}, E. and {Borissova}, J. and
         {Bronfman}, L. and {Carraro}, G. and {Catelan}, M. and
         {Clari{\'a}}, J.~J. and {Cross}, N. and {de Grijs}, R. and
         {D{\'e}k{\'a}ny}, I. and {Drew}, J.~E. and {Fari{\~n}a}, C. and
         {Feinstein}, C. and {Fern{\'a}ndez Laj{\'u}s}, E. and {Gamen}, R.~C. and
         {Geisler}, D. and {Gieren}, W. and {Goldman}, B. and {Gonzalez}, O.~A. and
         {Gunthardt}, G. and {Gurovich}, S. and {Hambly}, N.~C. and
         {Irwin}, M.~J. and {Ivanov}, V.~D. and {Jord{\'a}n}, A. and
         {Kerins}, E. and {Kinemuchi}, K. and {Kurtev}, R. and
         {L{\'o}pez-Corredoira}, M. and {Maccarone}, T. and {Masetti}, N. and
         {Merlo}, D. and {Messineo}, M. and {Mirabel}, I.~F. and {Monaco}, L. and
         {Morelli}, L. and {Padilla}, N. and {Palma}, T. and {Parisi}, M.~C. and
         {Pignata}, G. and {Rejkuba}, M. and {Roman-Lopes}, A. and
         {Sale}, S.~E. and {Schreiber}, M.~R. and {Schr{\"o}der}, A.~C. and
         {Smith}, M. and {}, L. Sodr{\'e}, Jr. and {Soto}, M. and {Tamura}, M. and
         {Tappert}, C. and {Thompson}, M.~A. and {Toledo}, I. and {Zoccali}, M. and
         {Pietrzynski}, G.},
        title = "{VISTA Variables in the Via Lactea (VVV): The public ESO near-IR variability survey of the Milky Way}",
      journal = {\na},
     keywords = {Astrophysics - Astrophysics of Galaxies},
         year = 2010,
        month = jul,
       volume = {15},
       number = {5},
        pages = {433-443},
          doi = {10.1016/j.newast.2009.12.002},
archivePrefix = {arXiv},
       eprint = {0912.1056},
 primaryClass = {astro-ph.GA},
       adsurl = {https://ui.adsabs.harvard.edu/abs/2010NewA...15..433M},
      adsnote = {Provided by the SAO/NASA Astrophysics Data System}
}


@INPROCEEDINGS{2015ASPC..495..355C,
       author = {{Clarke}, M. and {Vacca}, W.~D. and {Shuping}, R.~Y.},
        title = "{Redux: A Common Interface for SOFIA Data Reduction Pipelines}",
    booktitle = {Astronomical Data Analysis Software an Systems XXIV (ADASS XXIV)},
         year = 2015,
       editor = {{Taylor}, A.~R. and {Rosolowsky}, E.},
       series = {Astronomical Society of the Pacific Conference Series},
       volume = {495},
        month = sep,
        pages = {355},
       adsurl = {https://ui.adsabs.harvard.edu/abs/2015ASPC..495..355C},
      adsnote = {Provided by the SAO/NASA Astrophysics Data System}
}

@ARTICLE{2010AJ....140.1868W,
       author = {{Wright}, Edward L. and {Eisenhardt}, Peter R.~M. and {Mainzer}, Amy K. and
         {Ressler}, Michael E. and {Cutri}, Roc M. and {Jarrett}, Thomas and
         {Kirkpatrick}, J. Davy and {Padgett}, Deborah and
         {McMillan}, Robert S. and {Skrutskie}, Michael and {Stanford}, S.~A. and
         {Cohen}, Martin and {Walker}, Russell G. and {Mather}, John C. and
         {Leisawitz}, David and {Gautier}, Thomas N., III and {McLean}, Ian and
         {Benford}, Dominic and {Lonsdale}, Carol J. and {Blain}, Andrew and
         {Mendez}, Bryan and {Irace}, William R. and {Duval}, Valerie and
         {Liu}, Fengchuan and {Royer}, Don and {Heinrichsen}, Ingolf and
         {Howard}, Joan and {Shannon}, Mark and {Kendall}, Martha and
         {Walsh}, Amy L. and {Larsen}, Mark and {Cardon}, Joel G. and
         {Schick}, Scott and {Schwalm}, Mark and {Abid}, Mohamed and
         {Fabinsky}, Beth and {Naes}, Larry and {Tsai}, Chao-Wei},
        title = "{The Wide-field Infrared Survey Explorer (WISE): Mission Description and Initial On-orbit Performance}",
      journal = {\aj},
     keywords = {infrared: general, space vehicles, surveys, Astrophysics - Instrumentation and Methods for Astrophysics},
         year = 2010,
        month = dec,
       volume = {140},
       number = {6},
        pages = {1868-1881},
          doi = {10.1088/0004-6256/140/6/1868},
archivePrefix = {arXiv},
       eprint = {1008.0031},
 primaryClass = {astro-ph.IM},
       adsurl = {https://ui.adsabs.harvard.edu/abs/2010AJ....140.1868W},
      adsnote = {Provided by the SAO/NASA Astrophysics Data System}
}

@INPROCEEDINGS{2018IAUS..336...37S,
       author = {{Stecklum}, Bringfried and {Caratti o Garatti}, Alessio and
         {Hodapp}, Klaus and {Linz}, Hendrik and {Moscadelli}, Luca and
         {Sanna}, Alberto},
        title = "{Infrared variability, maser activity, and accretion of massive young stellar objects}",
     keywords = {masers, ISM: molecules, dust, stars: formation, individual ([TGJ91] S255 NIRS 3, [PFG2013] I22198-MM2-S), Astrophysics - Solar and Stellar Astrophysics, Astrophysics - Astrophysics of Galaxies},
    booktitle = {Astrophysical Masers: Unlocking the Mysteries of the Universe},
         year = 2018,
       editor = {{Tarchi}, A. and {Reid}, M.~J. and {Castangia}, P.},
       volume = {336},
        month = aug,
        pages = {37-40},
          doi = {10.1017/S1743921317010511},
archivePrefix = {arXiv},
       eprint = {1711.01489},
 primaryClass = {astro-ph.SR},
       adsurl = {https://ui.adsabs.harvard.edu/abs/2018IAUS..336...37S},
      adsnote = {Provided by the SAO/NASA Astrophysics Data System}
}


@INPROCEEDINGS{1995ASPC...77..437L,
       author = {{Landsman}, W.~B.},
        title = "{The IDL Astronomy User's Library}",
    booktitle = {Astronomical Data Analysis Software and Systems IV},
         year = 1995,
       editor = {{Shaw}, R.~A. and {Payne}, H.~E. and {Hayes}, J.~J.~E.},
       series = {Astronomical Society of the Pacific Conference Series},
       volume = {77},
        month = jan,
        pages = {437},
       adsurl = {https://ui.adsabs.harvard.edu/abs/1995ASPC...77..437L},
      adsnote = {Provided by the SAO/NASA Astrophysics Data System}
}


@INPROCEEDINGS{2002IAUS..206..183O,
       author = {{Ostrovskii}, A.~B. and {Sobolev}, A.~M.},
        title = "{Influence of dust parameters on class II methanol maser pumping}",
    booktitle = {Cosmic Masers: From Proto-Stars to Black Holes},
         year = 2002,
       editor = {{Migenes}, Victor and {Reid}, Mark J.},
       series = {IAU Symposium},
       volume = {206},
        month = jan,
        pages = {183},
       adsurl = {https://ui.adsabs.harvard.edu/abs/2002IAUS..206..183O},
      adsnote = {Provided by the SAO/NASA Astrophysics Data System}
}


@ARTICLE{2011ApJ...737..103S,
       author = {{Schlafly}, Edward F. and {Finkbeiner}, Douglas P.},
        title = "{Measuring Reddening with Sloan Digital Sky Survey Stellar Spectra and Recalibrating SFD}",
      journal = {\apj},
     keywords = {dust, extinction, Galaxy: stellar content, ISM: clouds, Astrophysics - Galaxy Astrophysics},
         year = 2011,
        month = aug,
       volume = {737},
       number = {2},
          eid = {103},
        pages = {103},
          doi = {10.1088/0004-637X/737/2/103},
archivePrefix = {arXiv},
       eprint = {1012.4804},
 primaryClass = {astro-ph.GA},
       adsurl = {https://ui.adsabs.harvard.edu/abs/2011ApJ...737..103S},
      adsnote = {Provided by the SAO/NASA Astrophysics Data System}
}

 @ARTICLE{2015PASJ...67...50D,
       author = {{Doi}, Yasuo and {Takita}, Satoshi and {Ootsubo}, Takafumi and
         {Arimatsu}, Ko and {Tanaka}, Masahiro and {Kitamura}, Yoshimi and
         {Kawada}, Mitsunobu and {Matsuura}, Shuji and {Nakagawa}, Takao and
         {Morishima}, Takahiro and {Hattori}, Makoto and {Komugi}, Shinya and
         {White}, Glenn J. and {Ikeda}, Norio and {Kato}, Daisuke and
         {Chinone}, Yuji and {Etxaluze}, Mireya and {Cypriano}, Elysandra F.},
        title = "{The AKARI far-infrared all-sky survey maps}",
      journal = {\pasj},
     keywords = {atlases, Galaxy: general, infrared: galaxies, ISM: general, surveys, Astrophysics - Astrophysics of Galaxies, Astrophysics - Cosmology and Nongalactic Astrophysics, Astrophysics - Instrumentation and Methods for Astrophysics},
         year = 2015,
        month = jun,
       volume = {67},
       number = {3},
          eid = {50},
        pages = {50},
          doi = {10.1093/pasj/psv022},
archivePrefix = {arXiv},
       eprint = {1503.06421},
 primaryClass = {astro-ph.GA},
       adsurl = {https://ui.adsabs.harvard.edu/abs/2015PASJ...67...50D},
      adsnote = {Provided by the SAO/NASA Astrophysics Data System}
}


 @ARTICLE{2017A&A...600L...8M,
       author = {{Moscadelli}, L. and {Sanna}, A. and {Goddi}, C. and {Walmsley}, M.~C. and
         {Cesaroni}, R. and {Caratti o Garatti}, A. and {Stecklum}, B. and
         {Menten}, K.~M. and {Kraus}, A.},
        title = "{Extended CH$_{3}$OH maser flare excited by a bursting massive YSO}",
      journal = {\aap},
     keywords = {ISM: kinematics and dynamics, masers, stars: formation, techniques: high angular resolution, stars: individual: S255 NIRS3},
         year = 2017,
        month = apr,
       volume = {600},
          eid = {L8},
        pages = {L8},
          doi = {10.1051/0004-6361/201730659},
       adsurl = {https://ui.adsabs.harvard.edu/abs/2017A&A...600L...8M},
      adsnote = {Provided by the SAO/NASA Astrophysics Data System}
}


 
 @ARTICLE{2018MNRAS.473.1967L,
       author = {{Luna}, Ram{\'o}n and {Satorre}, Miguel {\'A}ngel and {Domingo}, Manuel and
         {Mill{\'a}n}, Carlos and {Luna-Ferr{\'a}ndiz}, Ram{\'o}n and
         {Gisbert}, Georgina and {Santonja}, Carmina},
        title = "{Thermal desorption of methanol in hot cores. Study with a quartz crystal microbalance}",
      journal = {\mnras},
     keywords = {molecular data, molecular processes, methods: laboratory: solid state, ISM: molecules},
         year = 2018,
        month = jan,
       volume = {473},
       number = {2},
        pages = {1967-1976},
          doi = {10.1093/mnras/stx2473},
       adsurl = {https://ui.adsabs.harvard.edu/abs/2018MNRAS.473.1967L},
      adsnote = {Provided by the SAO/NASA Astrophysics Data System}
}


 
 
 @ARTICLE{2020NatAs.tmp..144C,
       author = {{Chen}, Xi and {Sobolev}, Andrej M. and {Ren}, Zhi-Yuan and
         {Parfenov}, Sergey and {Breen}, Shari L. and {Ellingsen}, Simon P. and
         {Shen}, Zhi-Qiang and {Li}, Bin and {MacLeod}, Gordon C. and
         {Baan}, Willem and {Brogan}, Crystal and {Hirota}, Tomoya and
         {Hunter}, Todd R. and {Linz}, Hendrik and {Menten}, Karl and
         {Sugiyama}, Koichiro and {Stecklum}, Bringfried and {Gong}, Yan and
         {Zheng}, Xingwu},
        title = "{New maser species tracing spiral-arm accretion flows in a high-mass young stellar object}",
      journal = {Nature Astronomy},
         year = 2020,
        month = jul,
          doi = {10.1038/s41550-020-1144-x},
       adsurl = {https://ui.adsabs.harvard.edu/abs/2020NatAs.tmp..144C},
      adsnote = {Provided by the SAO/NASA Astrophysics Data System}
}

}

@ARTICLE{2012wise.rept....1C,
       author = {{Cutri}, R.~M. and {Wright}, E.~L. and {Conrow}, T. and {Bauer}, J. and
         {Benford}, D. and {Brandenburg}, H. and {Dailey}, J. and
         {Eisenhardt}, P.~R.~M. and {Evans}, T. and {Fajardo-Acosta}, S. and
         {Fowler}, J. and {Gelino}, C. and {Grillmair}, C. and {Harbut}, M. and
         {Hoffman}, D. and {Jarrett}, T. and {Kirkpatrick}, J.~D. and
         {Leisawitz}, D. and {Liu}, W. and {Mainzer}, A. and {Marsh}, K. and
         {Masci}, F. and {McCallon}, H. and {Padgett}, D. and {Ressler}, M.~E. and
         {Royer}, D. and {Skrutskie}, M.~F. and {Stanford}, S.~A. and
         {Wyatt}, P.~L. and {Tholen}, D. and {Tsai}, C.~W. and {Wachter}, S. and
         {Wheelock}, S.~L. and {Yan}, L. and {Alles}, R. and {Beck}, R. and
         {Grav}, T. and {Masiero}, J. and {McCollum}, B. and {McGehee}, P. and
         {Papin}, M. and {Wittman}, M.},
        title = "{Explanatory Supplement to the WISE All-Sky Data Release Products}",
      journal = {Explanatory Supplement to the WISE All-Sky Data Release Products},
     keywords = {Infrared Astronomy, Infrared Sources, Catalogs, Space Observatories, Manuals},
         year = 2012,
        month = mar,
        pages = {1},
       adsurl = {https://wise2.ipac.caltech.edu/docs/release/allsky/expsup/sec4\_4c.html\#wpro},
      adsnote = {Provided by the SAO/NASA Astrophysics Data System}
}


@ARTICLE{2012ApJ...749L..17Y,
       author = {{Young}, E.~T. and {Becklin}, E.~E. and {Marcum}, P.~M. and
         {Roellig}, T.~L. and {De Buizer}, J.~M. and {Herter}, T.~L. and
         {G{\"u}sten}, R. and {Dunham}, E.~W. and {Temi}, P. and
         {Andersson}, B. -G. and {Backman}, D. and {Burgdorf}, M. and
         {Caroff}, L.~J. and {Casey}, S.~C. and {Davidson}, J.~A. and
         {Erickson}, E.~F. and {Gehrz}, R.~D. and {Harper}, D.~A. and
         {Harvey}, P.~M. and {Helton}, L.~A. and {Horner}, S.~D. and
         {Howard}, C.~D. and {Klein}, R. and {Krabbe}, A. and {McLean}, I.~S. and
         {Meyer}, A.~W. and {Miles}, J.~W. and {Morris}, M.~R. and
         {Reach}, W.~T. and {Rho}, J. and {Richter}, M.~J. and {Roeser}, H. -P. and
         {Sandell}, G. and {Sankrit}, R. and {Savage}, M.~L. and {Smith}, E.~C. and
         {Shuping}, R.~Y. and {Vacca}, W.~D. and {Vaillancourt}, J.~E. and
         {Wolf}, J. and {Zinnecker}, H.},
        title = "{Early Science with SOFIA, the Stratospheric Observatory For Infrared Astronomy}",
      journal = {\apjl},
     keywords = {infrared: general, instrumentation: miscellaneous, telescopes, Astrophysics - Instrumentation and Methods for Astrophysics},
         year = 2012,
        month = apr,
       volume = {749},
       number = {2},
          eid = {L17},
        pages = {L17},
          doi = {10.1088/2041-8205/749/2/L17},
archivePrefix = {arXiv},
       eprint = {1205.0791},
 primaryClass = {astro-ph.IM},
       adsurl = {https://ui.adsabs.harvard.edu/abs/2012ApJ...749L..17Y},
      adsnote = {Provided by the SAO/NASA Astrophysics Data System}
}


@INPROCEEDINGS{2000SPIE.4014...14L,
       author = {{Looney}, Leslie W. and {Geis}, Norbert and {Genzel}, Reinhard and
         {Park}, Won K. and {Poglitsch}, Albrecht and {Raab}, Walfried and
         {Rosenthal}, Dirk and {Urban}, Alexander and {Henning}, Thomas},
        title = "{Realizing 3D spectral imaging in the far-infrared: FIFI LS}",
     keywords = {Astrophysics},
    booktitle = {Airborne Telescope Systems},
         year = 2000,
       editor = {{Melugin}, Ramsey K. and {R{\"o}ser}, Hans-Peter},
       series = {Society of Photo-Optical Instrumentation Engineers (SPIE) Conference Series},
       volume = {4014},
        month = jun,
        pages = {14-22},
          doi = {10.1117/12.389112},
archivePrefix = {arXiv},
       eprint = {astro-ph/0003303},
 primaryClass = {astro-ph},
       adsurl = {https://ui.adsabs.harvard.edu/abs/2000SPIE.4014...14L},
      adsnote = {Provided by the SAO/NASA Astrophysics Data System}
}


@ARTICLE{2018JAI.....740004C,
       author = {{Colditz}, Sebastian and {Beckmann}, Simon and {Bryant}, Aaron and
         {Fischer}, Christian and {Fumi}, Fabio and {Geis}, Norbert and
         {Hamidouche}, Mourad and {Henning}, Thomas and {H{\"o}nle}, Rainer and
         {Iserlohe}, Christof and {Klein}, Randolf and {Krabbe}, Alfred and
         {Looney}, Leslie and {Poglitsch}, Albrecht and {Raab}, Walfried and
         {Rebell}, Felix and {Rosenthal}, Dirk and {Savage}, Maureen and
         {Schweitzer}, Mario and {Vacca}, William},
        title = "{Spectral and Spatial Characterization and Calibration of FIFI-LS {\textemdash} The Field Imaging Spectrometer on SOFIA}",
      journal = {Journal of Astronomical Instrumentation},
     keywords = {Integral field spectroscopy, spectrometer, far-infrared, FIFI LS, FIFI-LS, SOFIA},
         year = 2018,
        month = jan,
       volume = {7},
       number = {4},
          eid = {1840004-},
        pages = {1840004-},
          doi = {10.1142/S2251171718400044},
       adsurl = {https://ui.adsabs.harvard.edu/abs/2018JAI.....740004C},
      adsnote = {Provided by the SAO/NASA Astrophysics Data System}
}



@ARTICLE{2009A&A...504..415S,
       author = {{Schuller}, F. and {Menten}, K.~M. and {Contreras}, Y. and
         {Wyrowski}, F. and {Schilke}, P. and {Bronfman}, L. and {Henning}, T. and
         {Walmsley}, C.~M. and {Beuther}, H. and {Bontemps}, S. and
         {Cesaroni}, R. and {Deharveng}, L. and {Garay}, G. and {Herpin}, F. and
         {Lefloch}, B. and {Linz}, H. and {Mardones}, D. and {Minier}, V. and
         {Molinari}, S. and {Motte}, F. and {Nyman}, L. -{\r{A}}. and
         {Reveret}, V. and {Risacher}, C. and {Russeil}, D. and {Schneider}, N. and
         {Testi}, L. and {Troost}, T. and {Vasyunina}, T. and {Wienen}, M. and
         {Zavagno}, A. and {Kovacs}, A. and {Kreysa}, E. and {Siringo}, G. and
         {Wei{\ss}}, A.},
        title = "{ATLASGAL - The APEX telescope large area survey of the galaxy at 870 {\ensuremath{\mu}}m}",
      journal = {\aap},
     keywords = {surveys, submillimeter, ISM: structure, dust, extinction, stars: formation, Galaxy: disk, Astrophysics - Astrophysics of Galaxies},
         year = 2009,
        month = sep,
       volume = {504},
       number = {2},
        pages = {415-427},
          doi = {10.1051/0004-6361/200811568},
archivePrefix = {arXiv},
       eprint = {0903.1369},
 primaryClass = {astro-ph.GA},
       adsurl = {https://ui.adsabs.harvard.edu/abs/2009A&A...504..415S},
      adsnote = {Provided by the SAO/NASA Astrophysics Data System}
}



@ARTICLE{2013A&A...549A..45C,
       author = {{Contreras}, Y. and {Schuller}, F. and {Urquhart}, J.~S. and
         {Csengeri}, T. and {Wyrowski}, F. and {Beuther}, H. and {Bontemps}, S. and
         {Bronfman}, L. and {Henning}, T. and {Menten}, K.~M. and {Schilke}, P. and
         {Walmsley}, C.~M. and {Wienen}, M. and {Tackenberg}, J. and {Linz}, H.},
        title = "{ATLASGAL - compact source catalogue: 330{\textdegree} \&lt; {\ensuremath{\ell}} \&lt; 21{\textdegree}}",
      journal = {\aap},
     keywords = {catalogs, stars: formation, surveys, Astrophysics - Astrophysics of Galaxies},
         year = 2013,
        month = jan,
       volume = {549},
          eid = {A45},
        pages = {A45},
          doi = {10.1051/0004-6361/201220155},
archivePrefix = {arXiv},
       eprint = {1211.0741},
 primaryClass = {astro-ph.GA},
       adsurl = {https://ui.adsabs.harvard.edu/abs/2013A&A...549A..45C},
      adsnote = {Provided by the SAO/NASA Astrophysics Data System}
}



@ARTICLE{2017MNRAS.472.3624P,
       author = {{Pomohaci}, R. and {Oudmaijer}, R.~D. and {Lumsden}, S.~L. and
         {Hoare}, M.~G. and {Mendigut{\'\i}a}, I.},
        title = "{Medium-resolution near-infrared spectroscopy of massive young stellar objects}",
      journal = {\mnras},
     keywords = {line: profiles - stars: early-type, stars: formation, stars: massive, stars: pre-main-sequence, infrared: stars, Astrophysics - Solar and Stellar Astrophysics, Astrophysics - Astrophysics of Galaxies},
         year = 2017,
        month = dec,
       volume = {472},
       number = {3},
        pages = {3624-3636},
          doi = {10.1093/mnras/stx2196},
archivePrefix = {arXiv},
       eprint = {1709.03994},
 primaryClass = {astro-ph.SR},
       adsurl = {https://ui.adsabs.harvard.edu/abs/2017MNRAS.472.3624P},
      adsnote = {Provided by the SAO/NASA Astrophysics Data System}
}


@ARTICLE{2011MNRAS.416.1500H,
       author = {{Harries}, Tim J.},
        title = "{An algorithm for Monte Carlo time-dependent radiation transfer}",
      journal = {\mnras},
     keywords = {radiative transfer, methods: numerical, protoplanetary discs, stars: pre-main-sequence, Astrophysics - Solar and Stellar Astrophysics},
         year = 2011,
        month = sep,
       volume = {416},
       number = {2},
        pages = {1500-1508},
          doi = {10.1111/j.1365-2966.2011.19147.x},
archivePrefix = {arXiv},
       eprint = {1105.5571},
 primaryClass = {astro-ph.SR},
       adsurl = {https://ui.adsabs.harvard.edu/abs/2011MNRAS.416.1500H},
      adsnote = {Provided by the SAO/NASA Astrophysics Data System}
}



@ARTICLE{2012MNRAS.422.1263H,
       author = {{Hirashita}, Hiroyuki},
        title = "{Dust growth in the interstellar medium: how do accretion and coagulation interplay?}",
      journal = {\mnras},
     keywords = {turbulence, ISM: clouds, dust, extinction, ISM: evolution, galaxies: evolution, galaxies: ISM, Astrophysics - Astrophysics of Galaxies, Astrophysics - Cosmology and Nongalactic Astrophysics},
         year = 2012,
        month = may,
       volume = {422},
       number = {2},
        pages = {1263-1271},
          doi = {10.1111/j.1365-2966.2012.20702.x},
archivePrefix = {arXiv},
       eprint = {1202.1345},
 primaryClass = {astro-ph.GA},
       adsurl = {https://ui.adsabs.harvard.edu/abs/2012MNRAS.422.1263H},
      adsnote = {Provided by the SAO/NASA Astrophysics Data System}
}



@INPROCEEDINGS{2005AIPC..761..123L,
       author = {{Li}, Aigen},
        title = "{On the Absorption and Emission Properties of Interstellar Grains}",
     keywords = {98.58.Ca, Interstellar dust grains, diffuse emission, infrared cirrus, Astrophysics},
    booktitle = {The Spectral Energy Distributions of Gas-Rich Galaxies: Confronting Models with Data},
         year = 2005,
       editor = {{Popescu}, Cristina C. and {Tuffs}, Richard J.},
       series = {American Institute of Physics Conference Series},
       volume = {761},
        month = apr,
        pages = {123-133},
          doi = {10.1063/1.1913922},
archivePrefix = {arXiv},
       eprint = {astro-ph/0503567},
 primaryClass = {astro-ph},
       adsurl = {https://ui.adsabs.harvard.edu/abs/2005AIPC..761..123L},
      adsnote = {Provided by the SAO/NASA Astrophysics Data System}
}


@ARTICLE{2005ApJ...633..272B,
       author = {{Boudet}, N. and {Mutschke}, H. and {Nayral}, C. and {J{\"a}ger}, C. and
         {Bernard}, J. -P. and {Henning}, T. and {Meny}, C.},
        title = "{Temperature Dependence of the Submillimeter Absorption Coefficient of Amorphous Silicate Grains}",
      journal = {\apj},
     keywords = {ISM: Dust, Extinction, Infrared: ISM, ISM: Molecules, Methods: Laboratory, Molecular Processes},
         year = 2005,
        month = nov,
       volume = {633},
       number = {1},
        pages = {272-281},
          doi = {10.1086/432966},
       adsurl = {https://ui.adsabs.harvard.edu/abs/2005ApJ...633..272B},
      adsnote = {Provided by the SAO/NASA Astrophysics Data System}
}

@ARTICLE{2017A&A...606L..12G,
       author = {{Giannetti}, A. and {Leurini}, S. and {K{\"o}nig}, C. and
         {Urquhart}, J.~S. and {Pillai}, T. and {Brand}, J. and {Kauffmann}, J. and
         {Wyrowski}, F. and {Menten}, K.~M.},
        title = "{Galactocentric variation of the gas-to-dust ratio and its relation with metallicity}",
      journal = {\aap},
     keywords = {dust, extinction, ISM: clouds, Galaxy: disk, galaxies: ISM, submillimeter: ISM, stars: formation, Astrophysics - Astrophysics of Galaxies},
         year = 2017,
        month = oct,
       volume = {606},
          eid = {L12},
        pages = {L12},
          doi = {10.1051/0004-6361/201731728},
archivePrefix = {arXiv},
       eprint = {1710.05721},
 primaryClass = {astro-ph.GA},
       adsurl = {https://ui.adsabs.harvard.edu/abs/2017A&A...606L..12G},
      adsnote = {Provided by the SAO/NASA Astrophysics Data System}
}


@ARTICLE{1995ApJ...448..832N,
       author = {{Neckel}, Th. and {Staude}, H.~J.},
        title = "{IRAS 08159-3543: Optical Detection of the Dusty, Neutral Bipolar Wind of a Luminous Young Stellar Object}",
      journal = {\apj},
     keywords = {ACCRETION, ACCRETION DISKS, STARS: CIRCUMSTELLAR MATTER, ISM: DUST, EXTINCTION, STARS: MASS LOSS, STARS: PRE-MAIN-SEQUENCE},
         year = 1995,
        month = aug,
       volume = {448},
        pages = {832},
          doi = {10.1086/176011},
       adsurl = {https://ui.adsabs.harvard.edu/abs/1995ApJ...448..832N},
      adsnote = {Provided by the SAO/NASA Astrophysics Data System}
}


@ARTICLE{2011A&A...535A..99M,
       author = {{Mendigut{\'\i}a}, I. and {Calvet}, N. and {Montesinos}, B. and
         {Mora}, A. and {Muzerolle}, J. and {Eiroa}, C. and {Oudmaijer}, R.~D. and
         {Mer{\'\i}n}, B.},
        title = "{Accretion rates and accretion tracers of Herbig Ae/Be stars}",
      journal = {\aap},
     keywords = {circumstellar matter, accretion, accretion disks, stars: pre-main sequence, protoplanetary disks, stars: activity, line: formation, Astrophysics - Solar and Stellar Astrophysics},
         year = 2011,
        month = nov,
       volume = {535},
          eid = {A99},
        pages = {A99},
          doi = {10.1051/0004-6361/201117444},
archivePrefix = {arXiv},
       eprint = {1109.3288},
 primaryClass = {astro-ph.SR},
       adsurl = {https://ui.adsabs.harvard.edu/abs/2011A&A...535A..99M},
      adsnote = {Provided by the SAO/NASA Astrophysics Data System}
}



@ARTICLE{2019MNRAS.487.2407P,
       author = {{Proven-Adzri}, E. and {MacLeod}, G.~C. and {Heever}, S.~P. van den and
         {Hoare}, M.~G. and {Kuditcher}, A. and {Goedhart}, S.},
        title = "{Discovery of periodic methanol masers associated with G323.46-0.08}",
      journal = {\mnras},
     keywords = {masers, stars: formation, stars: protostars, ISM: individual objects: G323.46-0.08, ISM: molecules, radio lines: ISM},
         year = 2019,
        month = aug,
       volume = {487},
       number = {2},
        pages = {2407-2411},
          doi = {10.1093/mnras/stz1458},
       adsurl = {https://ui.adsabs.harvard.edu/abs/2019MNRAS.487.2407P},
      adsnote = {Provided by the SAO/NASA Astrophysics Data System}
}



@ARTICLE{2015MNRAS.446.4088T,
       author = {{Tapia}, Mauricio and {Roth}, Miguel and {Persi}, Paolo},
        title = "{The massive Class I eruptive variable V723 Carinae and its neighbour Car I-125}",
      journal = {\mnras},
     keywords = {circumstellar matter, stars: formation, infrared: stars},
         year = 2015,
        month = feb,
       volume = {446},
       number = {4},
        pages = {4088-4097},
          doi = {10.1093/mnras/stu2362},
       adsurl = {https://ui.adsabs.harvard.edu/abs/2015MNRAS.446.4088T},
      adsnote = {Provided by the SAO/NASA Astrophysics Data System}
}

@ARTICLE{2011ApJS..194...14P,
       author = {{Povich}, Matthew S. and {Smith}, Nathan and {Majewski}, Steven R. and
         {Getman}, Konstantin V. and {Townsley}, Leisa K. and
         {Babler}, Brian L. and {Broos}, Patrick S. and {Indebetouw}, R{\'e}my and
         {Meade}, Marilyn R. and {Robitaille}, Thomas P. and
         {Stassun}, Keivan G. and {Whitney}, Barbara A. and
         {Yonekura}, Yoshinori and {Fukui}, Yasuo},
        title = "{A Pan-Carina Young Stellar Object Catalog: Intermediate-mass Young Stellar Objects in the Carina Nebula Identified Via Mid-infrared Excess Emission}",
      journal = {\apjs},
     keywords = {circumstellar matter, ISM: individual objects: NGC 3372, stars: formation, stars: luminosity function, mass function, stars: pre-main sequence, X-rays: stars, Astrophysics - Solar and Stellar Astrophysics, Astrophysics - High Energy Astrophysical Phenomena},
         year = 2011,
        month = may,
       volume = {194},
       number = {1},
          eid = {14},
        pages = {14},
          doi = {10.1088/0067-0049/194/1/14},
archivePrefix = {arXiv},
       eprint = {1103.2060},
 primaryClass = {astro-ph.SR},
       adsurl = {https://ui.adsabs.harvard.edu/abs/2011ApJS..194...14P},
      adsnote = {Provided by the SAO/NASA Astrophysics Data System}
}



@ARTICLE{2018ApJ...862...85G,
       author = {{Greene}, Thomas P. and {Gully-Santiago}, Michael A. and {Barsony}, Mary},
        title = "{Detection of Photospheric Features in the Near-infrared Spectrum of a Class 0 Protostar}",
      journal = {\apj},
     keywords = {circumstellar matter, stars: formation, stars: pre-main sequence, stars: protostars, techniques: spectroscopic, Astrophysics - Solar and Stellar Astrophysics, Astrophysics - Astrophysics of Galaxies},
         year = 2018,
        month = jul,
       volume = {862},
       number = {1},
          eid = {85},
        pages = {85},
          doi = {10.3847/1538-4357/aacc6c},
archivePrefix = {arXiv},
       eprint = {1806.04252},
 primaryClass = {astro-ph.SR},
       adsurl = {https://ui.adsabs.harvard.edu/abs/2018ApJ...862...85G},
      adsnote = {Provided by the SAO/NASA Astrophysics Data System}
}



@ARTICLE{1985ApJ...299..462H,
       author = {{Hartmann}, L. and {Kenyon}, S.~J.},
        title = "{On the nature of FU Orionis objects.}",
      journal = {\apj},
     keywords = {Pre-Main Sequence Stars, Stellar Mass Accretion, Stellar Mass Ejection, Stellar Spectrophotometry, Variable Stars, Accretion Disks, Binary Stars, High Resolution, Line Spectra, Radial Velocity, Stellar Color, Astrophysics},
         year = 1985,
        month = dec,
       volume = {299},
        pages = {462-478},
          doi = {10.1086/163713},
       adsurl = {https://ui.adsabs.harvard.edu/abs/1985ApJ...299..462H},
      adsnote = {Provided by the SAO/NASA Astrophysics Data System}
}


@ARTICLE{2003ARA&A..41..241D,
       author = {{Draine}, B.~T.},
        title = "{Interstellar Dust Grains}",
      journal = {\araa},
     keywords = {Astrophysics},
         year = 2003,
        month = jan,
       volume = {41},
        pages = {241-289},
          doi = {10.1146/annurev.astro.41.011802.094840},
archivePrefix = {arXiv},
       eprint = {astro-ph/0304489},
 primaryClass = {astro-ph},
       adsurl = {https://ui.adsabs.harvard.edu/abs/2003ARA&A..41..241D},
      adsnote = {Provided by the SAO/NASA Astrophysics Data System}
}

@ARTICLE{2016ApJ...833...18H,
       author = {{Hu}, B. and {Menten}, K.~M. and {Wu}, Y. and {Bartkiewicz}, A. and
         {Rygl}, K. and {Reid}, M.~J. and {Urquhart}, J.~S. and {Zheng}, X.},
        title = "{On the Relationship of UC HII Regions and Class II Methanol Masers. I. Source Catalogs}",
      journal = {\apj},
     keywords = {catalogs, ISM: molecules, masers, stars: formation, Astrophysics - Astrophysics of Galaxies},
         year = 2016,
        month = dec,
       volume = {833},
       number = {1},
          eid = {18},
        pages = {18},
          doi = {10.3847/0004-637X/833/1/18},
archivePrefix = {arXiv},
       eprint = {1609.03280},
 primaryClass = {astro-ph.GA},
       adsurl = {https://ui.adsabs.harvard.edu/abs/2016ApJ...833...18H},
      adsnote = {Provided by the SAO/NASA Astrophysics Data System}
}

@ARTICLE{2017MNRAS.464L..90M,
       author = {{Meyer}, D.~M. -A. and {Vorobyov}, E.~I. and {Kuiper}, R. and {Kley}, W.},
        title = "{On the existence of accretion-driven bursts in massive star formation}",
      journal = {\mnras},
     keywords = {stars: flare, stars: massive, Astrophysics - Solar and Stellar Astrophysics, Astrophysics - Astrophysics of Galaxies},
         year = 2017,
        month = jan,
       volume = {464},
       number = {1},
        pages = {L90-L94},
          doi = {10.1093/mnrasl/slw187},
archivePrefix = {arXiv},
       eprint = {1609.03402},
 primaryClass = {astro-ph.SR},
       adsurl = {https://ui.adsabs.harvard.edu/abs/2017MNRAS.464L..90M},
      adsnote = {Provided by the SAO/NASA Astrophysics Data System}
}

@ARTICLE{2015ApJ...805..115V,
       author = {{Vorobyov}, Eduard I. and {Basu}, Shantanu},
        title = "{Variable Protostellar Accretion with Episodic Bursts}",
      journal = {\apj},
     keywords = {accretion, accretion disks, hydrodynamics, instabilities, ISM: clouds, stars: formation, Astrophysics - Solar and Stellar Astrophysics, Astrophysics - Astrophysics of Galaxies},
         year = 2015,
        month = jun,
       volume = {805},
       number = {2},
          eid = {115},
        pages = {115},
          doi = {10.1088/0004-637X/805/2/115},
archivePrefix = {arXiv},
       eprint = {1503.07888},
 primaryClass = {astro-ph.SR},
       adsurl = {https://ui.adsabs.harvard.edu/abs/2015ApJ...805..115V},
      adsnote = {Provided by the SAO/NASA Astrophysics Data System}
}

@ARTICLE{2020ApJ...890L..22C,
       author = {{Chen}, Xi and {Sobolev}, Andrej M. and {Breen}, Shari L. and
         {Shen}, Zhi-Qiang and {Ellingsen}, Simon P. and {MacLeod}, Gordon C. and
         {Li}, Bin and {Voronkov}, Maxim A. and {Kaczmarek}, Jane F. and
         {Zhang}, Jiangshui and {Ren}, Zhi-Yuan and {Wang}, Jin and
         {Linz}, Hendrik and {Hunter}, Todd R. and {Brogan}, Crystal and
         {Sugiyama}, Koichiro and {Burns}, Ross A. and {Menten}, Karl and
         {Sanna}, Alberto and {Stecklum}, Bringfried and {Hirota}, Tomoya and
         {Kim}, Kee-Tae and {Chibueze}, James and {Heever}, SP van den},
        title = "{$^{13}$CH$_{3}$OH Masers Associated With a Transient Phenomenon in a High-mass Young Stellar Object}",
      journal = {\apjl},
         year = 2020,
        month = feb,
       volume = {890},
       number = {2},
          eid = {L22},
        pages = {L22},
          doi = {10.3847/2041-8213/ab72a5},
       adsurl = {https://ui.adsabs.harvard.edu/abs/2020ApJ...890L..22C},
      adsnote = {Provided by the SAO/NASA Astrophysics Data System}
}


@ARTICLE{2016MNRAS.461.1328E,
       author = {{Elia}, Davide and {Pezzuto}, S.},
        title = "{Remarkable analytic relations among greybody parameters}",
      journal = {\mnras},
     keywords = {radiation mechanisms: thermal, radiative transfer, stars: formation, dust, extinction, infrared: ISM, submillimetre: ISM, Astrophysics - Solar and Stellar Astrophysics, Astrophysics - Astrophysics of Galaxies},
         year = 2016,
        month = sep,
       volume = {461},
       number = {2},
        pages = {1328-1337},
          doi = {10.1093/mnras/stw1399},
archivePrefix = {arXiv},
       eprint = {1606.02496},
 primaryClass = {astro-ph.SR},
       adsurl = {https://ui.adsabs.harvard.edu/abs/2016MNRAS.461.1328E},
      adsnote = {Provided by the SAO/NASA Astrophysics Data System}
}

@INPROCEEDINGS{2017SPIE10401E..12G,
       author = {{Graf}, Friederike and {Reinacher}, Andreas and {Spohr}, Daniel and
         {Jakob}, Holger and {Fasoulas}, Stefanos},
        title = "{Simulating SOFIA's image jitter performance and how the results compare to in-flight measurements}",
    booktitle = {\procspie},
         year = 2017,
       series = {Society of Photo-Optical Instrumentation Engineers (SPIE) Conference Series},
       volume = {10401},
        month = sep,
          eid = {1040112},
        pages = {1040112},
          doi = {10.1117/12.2273453},
       adsurl = {https://ui.adsabs.harvard.edu/abs/2017SPIE10401E..12G},
      adsnote = {Provided by the SAO/NASA Astrophysics Data System}
}


@ARTICLE{2015ApJ...813L..19J,
       author = {{Johnston}, Katharine G. and {Robitaille}, Thomas P. and
         {Beuther}, Henrik and {Linz}, Hendrik and {Boley}, Paul and
         {Kuiper}, Rolf and {Keto}, Eric and {Hoare}, Melvin G. and
         {van Boekel}, Roy},
        title = "{A Keplerian-like Disk around the Forming O-type Star AFGL 4176}",
      journal = {\apjl},
     keywords = {circumstellar matter, ISM: jets and outflows, radiative transfer, stars: formation, stars: massive, techniques: interferometric, Astrophysics - Solar and Stellar Astrophysics},
         year = 2015,
        month = nov,
       volume = {813},
       number = {1},
          eid = {L19},
        pages = {L19},
          doi = {10.1088/2041-8205/813/1/L19},
archivePrefix = {arXiv},
       eprint = {1509.08469},
 primaryClass = {astro-ph.SR},
       adsurl = {https://ui.adsabs.harvard.edu/abs/2015ApJ...813L..19J},
      adsnote = {Provided by the SAO/NASA Astrophysics Data System}
}

@ARTICLE{2010Natur.466..339K,
       author = {{Kraus}, Stefan and {Hofmann}, Karl-Heinz and {Menten}, Karl M. and
         {Schertl}, Dieter and {Weigelt}, Gerd and {Wyrowski}, Friedrich and
         {Meilland}, Anthony and {Perraut}, Karine and {Petrov}, Romain and
         {Robbe-Dubois}, Sylvie and {Schilke}, Peter and {Testi}, Leonardo},
        title = "{A hot compact dust disk around a massive young stellar object}",
      journal = {\nat},
     keywords = {Astrophysics - Solar and Stellar Astrophysics, Astrophysics - Galaxy Astrophysics, Astrophysics - Instrumentation and Methods for Astrophysics},
         year = 2010,
        month = jul,
       volume = {466},
       number = {7304},
        pages = {339-342},
          doi = {10.1038/nature09174},
archivePrefix = {arXiv},
       eprint = {1007.5062},
 primaryClass = {astro-ph.SR},
       adsurl = {https://ui.adsabs.harvard.edu/abs/2010Natur.466..339K},
      adsnote = {Provided by the SAO/NASA Astrophysics Data System}
}


@ARTICLE{1981ARA&A..19..137P,
       author = {{Pringle}, J.~E.},
        title = "{Accretion discs in astrophysics}",
      journal = {\araa},
     keywords = {Astrophysics, Disks (Shapes), Gravitational Effects, Mass Transfer, Radiative Transfer, Stellar Mass Accretion, Angular Momentum, Circular Orbits, Neutron Stars, Orbital Mechanics, Rotating Fluids, Stellar Radiation, Viscosity, Astrophysics},
         year = 1981,
        month = jan,
       volume = {19},
        pages = {137-162},
          doi = {10.1146/annurev.aa.19.090181.001033},
       adsurl = {https://ui.adsabs.harvard.edu/abs/1981ARA&A..19..137P},
      adsnote = {Provided by the SAO/NASA Astrophysics Data System}
}

@ARTICLE{1974MNRAS.168..603L,
       author = {{Lynden-Bell}, D. and {Pringle}, J.~E.},
        title = "{The evolution of viscous discs and the origin of the nebular variables.}",
      journal = {\mnras},
         year = 1974,
        month = sep,
       volume = {168},
        pages = {603-637},
          doi = {10.1093/mnras/168.3.603},
       adsurl = {https://ui.adsabs.harvard.edu/abs/1974MNRAS.168..603L},
      adsnote = {Provided by the SAO/NASA Astrophysics Data System}
}
@ARTICLE{2003A&A...403..975O,
       author = {{Omont}, A. and {Gilmore}, G.~F. and {Alard}, C. and {Aracil}, B. and
         {August}, T. and {Baliyan}, K. and {Beaulieu}, S. and {B{\'e}gon}, S. and
         {Bertou}, X. and {Blommaert}, J.~A.~D.~L. and {Borsenberger}, J. and
         {Burgdorf}, M. and {Caillaud}, B. and {Cesarsky}, C. and {Chitre}, A. and
         {Copet}, E. and {de Batz}, B. and {Egan}, M.~P. and {Egret}, D. and
         {Epchtein}, N. and {Felli}, M. and {Fouqu{\'e}}, P. and {Ganesh}, S. and
         {Genzel}, R. and {Glass}, I.~S. and {Gredel}, R. and
         {Groenewegen}, M.~A.~T. and {Guglielmo}, F. and {Habing}, H.~J. and
         {Hennebelle}, P. and {Jiang}, B. and {Joshi}, U.~C. and
         {Kimeswenger}, S. and {Messineo}, M. and
         {Miville-Desch{\^e}nes}, M.~A. and {Moneti}, A. and {Morris}, M. and
         {Ojha}, D.~K. and {Ortiz}, R. and {Ott}, S. and {Parthasarathy}, M. and
         {P{\'e}rault}, M. and {Price}, S.~D. and {Robin}, A.~C. and
         {Schultheis}, M. and {Schuller}, F. and {Simon}, G. and {Soive}, A. and
         {Testi}, L. and {Teyssier}, D. and {Tiph{\`e}ne}, D. and {Unavane}, M. and
         {van Loon}, J.~T. and {Wyse}, R.},
        title = "{ISOGAL: A deep survey of the obscured inner Milky Way with ISO at 7 mu m and 15 mu m and with DENIS in the near-infrared}",
      journal = {\aap},
     keywords = {stars: AGB and post-AGB, stars: circumstellar matter, stars: mass-loss, stars: formation, dust: extinction, infrared: stars, Galaxy: bulge, Astrophysics},
         year = 2003,
        month = jun,
       volume = {403},
        pages = {975-992},
          doi = {10.1051/0004-6361:20030437},
archivePrefix = {arXiv},
       eprint = {astro-ph/0304383},
 primaryClass = {astro-ph},
       adsurl = {https://ui.adsabs.harvard.edu/abs/2003A&A...403..975O},
      adsnote = {Provided by the SAO/NASA Astrophysics Data System}
}

@ARTICLE{2018arXiv180505364G,
       author = {{Goddi}, Ciriaco and {Ginsburg}, Adam and {Maud}, Luke and
         {Zhang}, Qizhou and {Zapata}, Luis},
        title = "{Accretion and outflow structures within 1000 AU from high-mass protostars with ALMA longest baselines}",
      journal = {arXiv e-prints},
     keywords = {Astrophysics - Astrophysics of Galaxies, Astrophysics - Solar and Stellar Astrophysics},
         year = 2018,
        month = may,
          eid = {arXiv:1805.05364},
        pages = {arXiv:1805.05364},
archivePrefix = {arXiv},
       eprint = {1805.05364},
 primaryClass = {astro-ph.GA},
       adsurl = {https://ui.adsabs.harvard.edu/abs/2018arXiv180505364G},
      adsnote = {Provided by the SAO/NASA Astrophysics Data System}
}

@ARTICLE{2020NatAs...4..506B,
       author = {{Burns}, R.~A. and {Sugiyama}, K. and {Hirota}, T. and {Kim}, Kee-Tae and
         {Sobolev}, A.~M. and {Stecklum}, B. and {MacLeod}, G.~C. and
         {Yonekura}, Y. and {Olech}, M. and {Orosz}, G. and {Ellingsen}, S.~P. and
         {Hyland}, L. and {Caratti o Garatti}, A. and {Brogan}, C. and
         {Hunter}, T.~R. and {Phillips}, C. and {van den Heever}, S.~P. and
         {Eisl{\"o}ffel}, J. and {Linz}, H. and {Surcis}, G. and
         {Chibueze}, J.~O. and {Baan}, W. and {Kramer}, B.},
        title = "{A heatwave of accretion energy traced by masers in the G358-MM1 high-mass protostar}",
      journal = {Nature Astronomy},
         year = 2020,
        month = jan,
       volume = {4},
        pages = {506-510},
          doi = {10.1038/s41550-019-0989-3},
       adsurl = {https://ui.adsabs.harvard.edu/abs/2020NatAs...4..506B},
      adsnote = {Provided by the SAO/NASA Astrophysics Data System}
}

@MISC{2012ascl.soft04005W,
       author = {{Wolf}, S. and {Henning}, T. and {Stecklum}, B.},
        title = "{MC3D: Monte-Carlo 3D Radiative Transfer Code}",
     keywords = {Software},
         year = 2012,
        month = apr,
          eid = {ascl:1204.005},
        pages = {ascl:1204.005},
archivePrefix = {ascl},
       eprint = {1204.005},
       adsurl = {https://ui.adsabs.harvard.edu/abs/2012ascl.soft04005W},
      adsnote = {Provided by the SAO/NASA Astrophysics Data System}
}

@ARTICLE{2013ApJS..207...30W,
       author = {{Whitney}, B.~A. and {Robitaille}, T.~P. and {Bjorkman}, J.~E. and
         {Dong}, R. and {Wolff}, M.~J. and {Wood}, K. and {Honor}, J.},
        title = "{Three-dimensional Radiation Transfer in Young Stellar Objects}",
      journal = {\apjs},
     keywords = {circumstellar matter, dust, extinction, polarization, radiative transfer, stars: formation, stars: pre-main sequence, Astrophysics - Solar and Stellar Astrophysics, Astrophysics - Astrophysics of Galaxies},
         year = 2013,
        month = aug,
       volume = {207},
       number = {2},
          eid = {30},
        pages = {30},
          doi = {10.1088/0067-0049/207/2/30},
archivePrefix = {arXiv},
       eprint = {1307.0561},
 primaryClass = {astro-ph.SR},
       adsurl = {https://ui.adsabs.harvard.edu/abs/2013ApJS..207...30W},
      adsnote = {Provided by the SAO/NASA Astrophysics Data System}
}



@ARTICLE{2007ApJS..169..328R,
       author = {{Robitaille}, Thomas P. and {Whitney}, Barbara A. and
         {Indebetouw}, Remy and {Wood}, Kenneth},
        title = "{Interpreting Spectral Energy Distributions from Young Stellar Objects. II. Fitting Observed SEDs Using a Large Grid of Precomputed Models}",
      journal = {\apjs},
     keywords = {Stars: Circumstellar Matter, Infrared: Stars, Radiative Transfer, Stars: Formation, Stars: Pre-Main-Sequence, Astrophysics},
         year = 2007,
        month = apr,
       volume = {169},
       number = {2},
        pages = {328-352},
          doi = {10.1086/512039},
archivePrefix = {arXiv},
       eprint = {astro-ph/0612690},
 primaryClass = {astro-ph},
       adsurl = {https://ui.adsabs.harvard.edu/abs/2007ApJS..169..328R},
      adsnote = {Provided by the SAO/NASA Astrophysics Data System}
}


@ARTICLE{Robitaille2011,
	author = {{Robitaille}, T.~P.},
	title = "{HYPERION: an open-source parallelized three-dimensional dust continuum radiative transfer code}",
	journal = {\aap},
	keywords = {methods: numerical, radiative transfer, scattering, polarization, Astrophysics - Instrumentation and Methods for Astrophysics, Astrophysics - Cosmology and Extragalactic Astrophysics, Astrophysics - Galaxy Astrophysics, Astrophysics - Solar and Stellar Astrophysics},
	year = 2011,
	month = dec,
	volume = {536},
	eid = {A79},
	pages = {A79},
	doi = {10.1051/0004-6361/201117150},
	archivePrefix = {arXiv},
	eprint = {1112.1071},
	primaryClass = {astro-ph.IM},
	adsurl = {https://ui.adsabs.harvard.edu/abs/2011A&A...536A..79R},
	adsnote = {Provided by the SAO/NASA Astrophysics Data System}
}

@ARTICLE{2017A&A...600A..11R,
       author = {{Robitaille}, T.~P.},
        title = "{A modular set of synthetic spectral energy distributions for young stellar objects}",
      journal = {\aap},
     keywords = {astronomical databases: miscellaneous, radiative transfer, stars: formation, stars: protostars, Astrophysics - Solar and Stellar Astrophysics},
         year = 2017,
        month = apr,
       volume = {600},
          eid = {A11},
        pages = {A11},
          doi = {10.1051/0004-6361/201425486},
archivePrefix = {arXiv},
       eprint = {1703.05765},
 primaryClass = {astro-ph.SR},
       adsurl = {https://ui.adsabs.harvard.edu/abs/2017A&A...600A..11R},
      adsnote = {Provided by the SAO/NASA Astrophysics Data System}
}

@ARTICLE{2014ApJ...792...30M,
       author = {{Mainzer}, A. and {Bauer}, J. and {Cutri}, R.~M. and {Grav}, T. and
         {Masiero}, J. and {Beck}, R. and {Clarkson}, P. and {Conrow}, T. and
         {Dailey}, J. and {Eisenhardt}, P. and {Fabinsky}, B. and
         {Fajardo-Acosta}, S. and {Fowler}, J. and {Gelino}, C. and
         {Grillmair}, C. and {Heinrichsen}, I. and {Kendall}, M. and
         {Kirkpatrick}, J. Davy and {Liu}, F. and {Masci}, F. and
         {McCallon}, H. and {Nugent}, C.~R. and {Papin}, M. and {Rice}, E. and
         {Royer}, D. and {Ryan}, T. and {Sevilla}, P. and {Sonnett}, S. and
         {Stevenson}, R. and {Thompson}, D.~B. and {Wheelock}, S. and
         {Wiemer}, D. and {Wittman}, M. and {Wright}, E. and {Yan}, L.},
        title = "{Initial Performance of the NEOWISE Reactivation Mission}",
      journal = {\apj},
     keywords = {comets: general, infrared: general, minor planets, asteroids: general, space vehicles, surveys, Astrophysics - Earth and Planetary Astrophysics},
         year = 2014,
        month = sep,
       volume = {792},
       number = {1},
          eid = {30},
        pages = {30},
          doi = {10.1088/0004-637X/792/1/30},
archivePrefix = {arXiv},
       eprint = {1406.6025},
 primaryClass = {astro-ph.EP},
       adsurl = {https://ui.adsabs.harvard.edu/abs/2014ApJ...792...30M},
      adsnote = {Provided by the SAO/NASA Astrophysics Data System}
}


@ARTICLE{2009yCat.2293....0S,
       author = {{Spitzer Science}, Center},
        title = "{VizieR Online Data Catalog: GLIMPSE Source Catalog (I + II + 3D) (IPAC 2008)}",
      journal = {VizieR Online Data Catalog},
     keywords = {Spitzer},
         year = 2009,
        month = jun,
          eid = {II/293},
        pages = {II/293},
       adsurl = {https://ui.adsabs.harvard.edu/abs/2009yCat.2293....0S},
      adsnote = {Provided by the SAO/NASA Astrophysics Data System}
}


@ARTICLE{2016yCat..35910149M,
       author = {{Molinari}, S. and {Schisano}, E. and {Elia}, D. and {Pestalozzi}, M. and
         {Traficante}, A. and {Pezzuto}, S. and {Swinyard}, B.~M. and
         {Noriega-Crespo}, A. and {Bally}, J. and {Moore}, T.~J.~T. and
         {Plume}, R. and {Zavagno}, A. and {di Giorgio A.~M.} and {Liu}, S.~J. and
         {Pilbratt}, G.~L. and {Mottram}, J.~C. and {Russeil}, D. and
         {Piazzo}, L. and {Veneziani}, M. and {Benedettini}, M. and
         {Calzoletti}, L. and {Faustini}, F. and {Natoli}, P. and
         {Piacentini}, F. and {Merello}, M. and {Palmese}, A. and {Del Grand
        e}, R. and {Polychroni}, D. and {Rygl}, K.~L.~J. and {Polenta}, G. and
         {Barlow}, M.~J. and {Bernard}, J. -P. and {Martin}, P.~G. and
         {Testi}, L. and {Ali}, B. and {Andre}, P. and {Beltran}, M.~T. and
         {Billot}, N. and {Carey}, S. and {Cesaroni}, R. and {Compiegne}, M. and
         {Eden}, D. and {Fukui}, Y. and {Garcia-Lario}, P. and {Hoare}, M.~G. and
         {Huang}, M. and {Joncas}, G. and {Lim}, T.~L. and {Lord}, S.~D. and
         {Martinavarro-Armengol}, S. and {Motte}, F. and {Paladini}, R. and
         {Paradis}, D. and {Peretto}, N. and {Robitaille}, T. and {Schilke}, P. and
         {Schneider}, N. and {Schulz}, B. and {Sibthorpe}, B. and
         {Strafella}, F. and {Thompson}, M.~A. and {Umana}, G. and
         {Ward-Thompson}, D. and {Wyrowski}, F.},
        title = "{VizieR Online Data Catalog: Hi-GAL. inner Milky Way: +68\&gt;=l\&gt;=70 (Molinari+, 2016)}",
      journal = {VizieR Online Data Catalog},
     keywords = {Surveys, Milky Way, Infrared sources},
         year = 2016,
        month = aug,
          eid = {J/A+A/591/A149},
        pages = {J/A+A/591/A149},
       adsurl = {https://ui.adsabs.harvard.edu/abs/2016yCat..35910149M},
      adsnote = {Provided by the SAO/NASA Astrophysics Data System}
}


@ARTICLE{2015AJ....149...64G,
       author = {{Gutermuth}, Robert A. and {Heyer}, Mark},
        title = "{A 24{\,}{\ensuremath{\mu}}m Point Source Catalog of the Galactic Plane from Spitzer/MIPSGAL}",
      journal = {\aj},
     keywords = {catalogs, Galaxy: stellar content, infrared: stars, Astrophysics - Solar and Stellar Astrophysics, Astrophysics - Astrophysics of Galaxies},
         year = 2015,
        month = feb,
       volume = {149},
       number = {2},
          eid = {64},
        pages = {64},
          doi = {10.1088/0004-6256/149/2/64},
archivePrefix = {arXiv},
       eprint = {1412.4751},
 primaryClass = {astro-ph.SR},
       adsurl = {https://ui.adsabs.harvard.edu/abs/2015AJ....149...64G},
      adsnote = {Provided by the SAO/NASA Astrophysics Data System}
}


@ARTICLE{2019MNRAS.482.5459M,
       author = {{Meyer}, D.~M. -A. and {Vorobyov}, E.~I. and {Elbakyan}, V.~G. and
         {Stecklum}, B. and {Eisl{\"o}ffel}, J. and {Sobolev}, A.~M.},
        title = "{Burst occurrence in young massive stellar objects}",
      journal = {\mnras},
     keywords = {methods: numerical, stars: flare, stars: massive, Astrophysics - Solar and Stellar Astrophysics, Astrophysics - Astrophysics of Galaxies},
         year = "2019",
        month = "Feb",
       volume = {482},
       number = {4},
        pages = {5459-5476},
          doi = {10.1093/mnras/sty2980},
archivePrefix = {arXiv},
       eprint = {1811.00574},
 primaryClass = {astro-ph.SR},
       adsurl = {https://ui.adsabs.harvard.edu/abs/2019MNRAS.482.5459M},
      adsnote = {Provided by the SAO/NASA Astrophysics Data System}
}

@ARTICLE{2010ApJ...721..478H,
       author = {{Hosokawa}, Takashi and {Yorke}, Harold W. and {Omukai}, Kazuyuki},
        title = "{Evolution of Massive Protostars Via Disk Accretion}",
      journal = {\apj},
     keywords = {accretion, accretion disks, stars: early-type, stars: evolution, stars: formation, stars: pre-main sequence, Astrophysics - Solar and Stellar Astrophysics},
         year = "2010",
        month = "Sep",
       volume = {721},
       number = {1},
        pages = {478-492},
          doi = {10.1088/0004-637X/721/1/478},
archivePrefix = {arXiv},
       eprint = {1005.2827},
 primaryClass = {astro-ph.SR},
       adsurl = {https://ui.adsabs.harvard.edu/abs/2010ApJ...721..478H},
      adsnote = {Provided by the SAO/NASA Astrophysics Data System}
}

@ARTICLE{2009ApJ...691..823H,
       author = {{Hosokawa}, Takashi and {Omukai}, Kazuyuki},
        title = "{Evolution of Massive Protostars with High Accretion Rates}",
      journal = {\apj},
     keywords = {accretion, accretion disks, stars: early-type, stars: evolution, stars: formation, stars: pre-main sequence, Astrophysics},
         year = "2009",
        month = "Jan",
       volume = {691},
       number = {1},
        pages = {823-846},
          doi = {10.1088/0004-637X/691/1/823},
archivePrefix = {arXiv},
       eprint = {0806.4122},
 primaryClass = {astro-ph},
       adsurl = {https://ui.adsabs.harvard.edu/abs/2009ApJ...691..823H},
      adsnote = {Provided by the SAO/NASA Astrophysics Data System}
}

@ARTICLE{2003AJ....126.1090C,
       author = {{Cohen}, Martin and {Wheaton}, Wm. A. and {Megeath}, S.~T.},
        title = "{Spectral Irradiance Calibration in the Infrared. XIV. The Absolute Calibration of 2MASS}",
      journal = {\aj},
     keywords = {Infrared Radiation, Surveys, Astrophysics},
         year = "2003",
        month = "Aug",
       volume = {126},
       number = {2},
        pages = {1090-1096},
          doi = {10.1086/376474},
archivePrefix = {arXiv},
       eprint = {astro-ph/0304350},
 primaryClass = {astro-ph},
       adsurl = {https://ui.adsabs.harvard.edu/abs/2003AJ....126.1090C},
      adsnote = {Provided by the SAO/NASA Astrophysics Data System}
}

@ARTICLE{2009ApJS..181..227H,
       author = {{Hinz}, J.~L. and {Rieke}, G.~H. and {Yusef-Zadeh}, F. and {Hewitt}, J. and
         {Balog}, Z. and {Block}, M.},
        title = "{A Catalog of 24 {\ensuremath{\mu}}m Sources Toward the Galactic Center}",
      journal = {\apjs},
     keywords = {Galaxy: center, infrared: stars, Astrophysics},
         year = "2009",
        month = "Mar",
       volume = {181},
       number = {1},
        pages = {227-232},
          doi = {10.1088/0067-0049/181/1/227},
archivePrefix = {arXiv},
       eprint = {0811.1557},
 primaryClass = {astro-ph},
       adsurl = {https://ui.adsabs.harvard.edu/abs/2009ApJS..181..227H},
      adsnote = {Provided by the SAO/NASA Astrophysics Data System}
}

@ARTICLE{2010yCat.2298....0Y,
       author = {{Yamamura}, I. and {Makiuti}, S. and {Ikeda}, N. and {Fukuda}, Y. and
         {Oyabu}, S. and {Koga}, T. and {White}, G.~J.},
        title = "{VizieR Online Data Catalog: AKARI/FIS All-Sky Survey Point Source Catalogues (ISAS/JAXA, 2010)}",
      journal = {VizieR Online Data Catalog},
     keywords = {AKARI},
         year = "2010",
        month = "Apr",
          eid = {II/298},
        pages = {II/298},
       adsurl = {https://ui.adsabs.harvard.edu/abs/2010yCat.2298....0Y},
      adsnote = {Provided by the SAO/NASA Astrophysics Data System}
}


@ARTICLE{1996MNRAS.281..257T,
       author = {{Tout}, Christopher A. and {Pols}, Onno R. and {Eggleton}, Peter P. and
         {Han}, Zhanwen},
        title = "{Zero-age main-seqence radii and luminosities as analytic functions of mass and metallicity}",
      journal = {\mnras},
     keywords = {STARS: FUNDAMENTAL PARAMETERS, HERTZSPRUNG-RUSSELL (HR) DIAGRAM},
         year = "1996",
        month = "Jul",
       volume = {281},
       number = {1},
        pages = {257-262},
          doi = {10.1093/mnras/281.1.257},
       adsurl = {https://ui.adsabs.harvard.edu/abs/1996MNRAS.281..257T},
      adsnote = {Provided by the SAO/NASA Astrophysics Data System}
}

@INPROCEEDINGS{2019AAS...23420805F,
       author = {{Fadda}, Dario and {Vacca}, William D. and {Fischer}, Christian and
         {Colditz}, Sebastian and {Minchin}, Robert F. and {Klein}, Randolf},
        title = "{Absolute flux calibration and characterization of the SOFIA FIFI-LS integral field spectrometer.}",
    booktitle = {American Astronomical Society Meeting Abstracts \#234},
         year = "2019",
       series = {American Astronomical Society Meeting Abstracts},
       volume = {51},
        month = "Jun",
          eid = {208.05},
        pages = {208.05},
       adsurl = {https://ui.adsabs.harvard.edu/abs/2019AAS...23420805F},
      adsnote = {Provided by the SAO/NASA Astrophysics Data System}
}

@ARTICLE{2018JAI.....740003F,
       author = {{Fischer}, Christian and {Beckmann}, Simon and {Bryant}, Aaron and
         {Colditz}, Sebastian and {Fumi}, Fabio and {Geis}, Norbert and
         {Hamidouche}, Mourad and {Henning}, Thomas and {H{\"o}nle}, Rainer and
         {Iserlohe}, Christof and {Klein}, Randolf and {Krabbe}, Alfred and
         {Looney}, Leslie and {Poglitsch}, Albrecht and {Raab}, Walfried and
         {Rebell}, Felix and {Rosenthal}, Dirk and {Savage}, Maureen and
         {Schweitzer}, Mario and {Trinh}, Christopher and {Vacca}, William},
        title = "{FIFI-LS: The Field-Imaging Far-Infrared Line Spectrometer on SOFIA}",
      journal = {Journal of Astronomical Instrumentation},
     keywords = {Integral field spectroscopy, spectrometer, far-Infrared, FIFI-LS, SOFIA},
         year = "2018",
        month = "Jan",
       volume = {7},
       number = {4},
          eid = {1840003-556},
        pages = {1840003-556},
          doi = {10.1142/S2251171718400032},
       adsurl = {https://ui.adsabs.harvard.edu/abs/2018JAI.....740003F},
      adsnote = {Provided by the SAO/NASA Astrophysics Data System}
}

@ARTICLE{1993AdSpR..13..549E,
       author = {{Erickson}, E.~F. and {Davidson}, J.~A.},
        title = "{SOFIA: Stratospheric Observatory For Infrared Astronomy}",
      journal = {Advances in Space Research},
     keywords = {Boeing 747 Aircraft, Experiment Design, Functional Design Specifications, Infrared Astronomy, Infrared Telescopes, Performance Prediction, Sofia (Airborne Observatory), Atmospheric Attenuation, Galaxies, Infrared Imagery, Infrared Spectrometers, Interstellar Magnetic Fields, Interstellar Matter, Kuiper Airborne Observatory, Planetary Evolution, Star Formation, Astronomy},
         year = "1993",
        month = "Dec",
       volume = {13},
       number = {12},
        pages = {549-556},
          doi = {10.1016/0273-1177(93)90164-7},
       adsurl = {https://ui.adsabs.harvard.edu/abs/1993AdSpR..13..549E},
      adsnote = {Provided by the SAO/NASA Astrophysics Data System}
}


@ARTICLE{2003yCat.2246....0C,
       author = {{Cutri}, R.~M. and {Skrutskie}, M.~F. and {van Dyk}, S. and
         {Beichman}, C.~A. and {Carpenter}, J.~M. and {Chester}, T. and
         {Cambresy}, L. and {Evans}, T. and {Fowler}, J. and {Gizis}, J. and
         {Howard}, E. and {Huchra}, J. and {Jarrett}, T. and {Kopan}, E.~L. and
         {Kirkpatrick}, J.~D. and {Light}, R.~M. and {Marsh}, K.~A. and
         {McCallon}, H. and {Schneider}, S. and {Stiening}, R. and {Sykes}, M. and
         {Weinberg}, M. and {Wheaton}, W.~A. and {Wheelock}, S. and
         {Zacarias}, N.},
        title = "{VizieR Online Data Catalog: 2MASS All-Sky Catalog of Point Sources (Cutri+ 2003)}",
      journal = {VizieR Online Data Catalog},
     keywords = {Infrared sources, Photometry: infrared, Surveys},
         year = "2003",
        month = "Jun",
          eid = {II/246},
        pages = {II/246},
       adsurl = {https://ui.adsabs.harvard.edu/abs/2003yCat.2246....0C},
      adsnote = {Provided by the SAO/NASA Astrophysics Data System}
}



@ARTICLE{2019ApJ...872..103G,
       author = {{Geballe}, T.~R. and {Lambrides}, E. and {Schlegelmilch}, B. and
         {Yeh}, S.~C.~C. and {Goto}, M. and {Westrick}, Calvin and {Oka}, T. and
         {Najarro}, F.},
        title = "{Background Infrared Sources for Studying the Galactic Center{\textquoteright}s Interstellar Gas}",
      journal = {\apj},
     keywords = {Galaxy: center, ISM: lines and bands, stars: general, surveys, Astrophysics - Solar and Stellar Astrophysics, Astrophysics - Astrophysics of Galaxies},
         year = "2019",
        month = "Feb",
       volume = {872},
       number = {1},
          eid = {103},
        pages = {103},
          doi = {10.3847/1538-4357/aafedc},
archivePrefix = {arXiv},
       eprint = {1902.03528},
 primaryClass = {astro-ph.SR},
       adsurl = {https://ui.adsabs.harvard.edu/abs/2019ApJ...872..103G},
      adsnote = {Provided by the SAO/NASA Astrophysics Data System}
}
%%%%%%%%%%% VISTA
@ARTICLE{2017yCat.2348....0M,
   author = {{Minniti}, D. and {Lucas}, P. and {VVV Team}},
    title = "{VizieR Online Data Catalog: VISTA Variable in the Via Lactea Survey DR2 (Minniti+, 2017)}",
  journal = {VizieR Online Data Catalog},
 keywords = {ESO},
     year = 2017,
    month = apr,
   volume = 2348,
   adsurl = {http://adsabs.harvard.edu/abs/2017yCat.2348....0M},
  adsnote = {Provided by the SAO/NASA Astrophysics Data System}
}


@ARTICLE{2013MNRAS.435..524B,
       author = {{Breen}, S.~L. and {Ellingsen}, S.~P. and {Contreras}, Y. and
         {Green}, J.~A. and {Caswell}, J.~L. and {Stevens}, J.~B. and
         {Dawson}, J.~R. and {Voronkov}, M.~A.},
        title = "{Confirmation of the exclusive association between 6.7-GHz methanol masers and high-mass star formation regions}",
      journal = {\mnras},
     keywords = {masers, stars: formation, ISM: molecules, Astrophysics - Astrophysics of Galaxies},
         year = "2013",
        month = "Oct",
       volume = {435},
       number = {1},
        pages = {524-530},
          doi = {10.1093/mnras/stt1315},
archivePrefix = {arXiv},
       eprint = {1307.4453},
 primaryClass = {astro-ph.GA},
       adsurl = {https://ui.adsabs.harvard.edu/abs/2013MNRAS.435..524B},
      adsnote = {Provided by the SAO/NASA Astrophysics Data System}
}



@ARTICLE{2018MNRAS.474..219S,
       author = {{Szymczak}, M. and {Olech}, M. and {Sarniak}, R. and {Wolak}, P. and
         {Bartkiewicz}, A.},
        title = "{Monitoring observations of 6.7 GHz methanol masers}",
      journal = {\mnras},
     keywords = {Astrophysics - Astrophysics of Galaxies},
         year = "2018",
        month = "Feb",
       volume = {474},
       number = {1},
        pages = {219-253},
          doi = {10.1093/mnras/stx2693},
archivePrefix = {arXiv},
       eprint = {1710.04595},
 primaryClass = {astro-ph.GA},
       adsurl = {https://ui.adsabs.harvard.edu/abs/2018MNRAS.474..219S},
      adsnote = {Provided by the SAO/NASA Astrophysics Data System}
}

@ARTICLE{2002A&A...392.1025S,
       author = {{Stecklum}, B. and {Brandl}, B. and {Henning}, Th. and {Pascucci}, I. and
         {Hayward}, T.~L. and {Wilson}, J.~C.},
        title = "{High resolution mid-infrared imaging of W3(OH)}",
      journal = {\aap},
     keywords = {stars: formation, circumstellar matter, ISM: dust, extinction, infrared: stars, Astrophysics},
         year = 2002,
        month = sep,
       volume = {392},
        pages = {1025-1029},
          doi = {10.1051/0004-6361:20020992},
archivePrefix = {arXiv},
       eprint = {astro-ph/0207235},
 primaryClass = {astro-ph},
       adsurl = {https://ui.adsabs.harvard.edu/abs/2002A&A...392.1025S},
      adsnote = {Provided by the SAO/NASA Astrophysics Data System}
}



@ARTICLE{2019MNRAS.485..777D,
       author = {{Durjasz}, M. and {Szymczak}, M. and {Olech}, M.},
        title = "{A highly variable methanol maser in G111.256-0.770}",
      journal = {\mnras},
     keywords = {masers, stars: formation, stars: individual: G111.256-0.770, stars: massive, radio lines: ISM, Astrophysics - Solar and Stellar Astrophysics, Astrophysics - Astrophysics of Galaxies},
         year = "2019",
        month = "May",
       volume = {485},
       number = {1},
        pages = {777-783},
          doi = {10.1093/mnras/stz472},
archivePrefix = {arXiv},
       eprint = {1902.06712},
 primaryClass = {astro-ph.SR},
       adsurl = {https://ui.adsabs.harvard.edu/abs/2019MNRAS.485..777D},
      adsnote = {Provided by the SAO/NASA Astrophysics Data System}
}


@ARTICLE{1997A&A...324..211S,
   author = {{Sobolev}, A.~M. and {Cragg}, D.~M. and {Godfrey}, P.~D.},
    title = "{Pumping of Class II methanol masers. II. The 5\_1\_-6\_0\_A\^{}+\^{} transition.}",
  journal = {\aap},
 keywords = {MASERS, RADIATIVE TRANSFER, HII REGIONS, ISM: MOLECULES, RADIO LINES: ISM},
     year = 1997,
    month = aug,
   volume = 324,
    pages = {211-220},
   adsurl = {http://adsabs.harvard.edu/abs/1997A\%26A...324..211S},
  adsnote = {Provided by the SAO/NASA Astrophysics Data System}
}

@ARTICLE{2005MNRAS.360..533C,
   author = {{Cragg}, D.~M. and {Sobolev}, A.~M. and {Godfrey}, P.~D.},
    title = "{Models of class II methanol masers based on improved molecular data}",
  journal = {\mnras},
   eprint = {astro-ph/0504194},
 keywords = {masers, stars: formation, ISM: molecules, radio lines: ISM},
     year = 2005,
    month = jun,
   volume = 360,
    pages = {533-545},
      doi = {10.1111/j.1365-2966.2005.09077.x},
   adsurl = {http://adsabs.harvard.edu/abs/2005MNRAS.360..533C},
  adsnote = {Provided by the SAO/NASA Astrophysics Data System}
}

@ARTICLE{2018ApJ...863L..12L,
       author = {{Liu}, Sheng-Yuan and {Su}, Yu-Nung and {Zinchenko}, Igor and
         {Wang}, Kuo-Song and {Wang}, Yuan},
        title = "{A Submillimeter Burst of S255IR SMA1: The Rise and Fall of Its Luminosity}",
      journal = {\apj},
     keywords = {ISM: individual objects: S255IR\&amp;S255IR SMA1, stars: formation, stars: protostars, submillimeter: ISM, Astrophysics - Astrophysics of Galaxies},
         year = "2018",
        month = "Aug",
       volume = {863},
       number = {1},
          eid = {L12},
        pages = {L12},
          doi = {10.3847/2041-8213/aad63a},
archivePrefix = {arXiv},
       eprint = {1808.02192},
 primaryClass = {astro-ph.GA},
       adsurl = {https://ui.adsabs.harvard.edu/abs/2018ApJ...863L..12L},
      adsnote = {Provided by the SAO/NASA Astrophysics Data System}
}

%%%%%%%%%%% GROND
@ARTICLE{2008ApJ...685..376K,
   author = {{Kr{\"u}hler}, T. and {K{\"u}pc{\"u} Yolda{\c s}}, A. and {Greiner}, J. and 
	{Clemens}, C. and {McBreen}, S. and {Primak}, N. and {Savaglio}, S. and 
	{Yolda{\c s}}, A. and {Szokoly}, G.~P. and {Klose}, S.},
    title = "{The 2175 {\AA} Dust Feature in a Gamma-Ray Burst Afterglow at Redshift 2.45}",
  journal = {\apj},
archivePrefix = "arXiv",
   eprint = {0805.2824},
 keywords = {dust, extinction, gamma rays: bursts, X-rays: individual: GRB 070802},
     year = 2008,
    month = sep,
   volume = 685,
    pages = {376-383},
      doi = {10.1086/590240},
   adsurl = {http://adsabs.harvard.edu/abs/2008ApJ...685..376K},
  adsnote = {Provided by the SAO/NASA Astrophysics Data System}
}

@ARTICLE{2008PASP..120..405G,
   author = {{Greiner}, J. and {Bornemann}, W. and {Clemens}, C. and {Deuter}, M. and 
	{Hasinger}, G. and {Honsberg}, M. and {Huber}, H. and {Huber}, S. and 
	{Krauss}, M. and {Kr{\"u}hler}, T. and {K{\"u}pc{\"u} Yolda{\c s}}, A. and 
	{Mayer-Hasselwander}, H. and {Mican}, B. and {Primak}, N. and 
	{Schrey}, F. and {Steiner}, I. and {Szokoly}, G. and {Th{\"o}ne}, C.~C. and 
	{Yolda{\c s}}, A. and {Klose}, S. and {Laux}, U. and {Winkler}, J.
	},
    title = "{GROND{\mdash}a 7-Channel Imager}",
  journal = {\pasp},
archivePrefix = "arXiv",
   eprint = {0801.4801},
     year = 2008,
    month = apr,
   volume = 120,
    pages = {405},
      doi = {10.1086/587032},
   adsurl = {http://adsabs.harvard.edu/abs/2008PASP..120..405G},
  adsnote = {Provided by the SAO/NASA Astrophysics Data System}
}

@ARTICLE{2019MNRAS.489.3981M,
       author = {{MacLeod}, G.~C. and {Sugiyama}, K. and {Hunter}, T.~R. and {Quick}, J. and
         {Baan}, W. and {Breen}, S.~L. and {Brogan}, C.~L. and {Burns}, R.~A. and
         {Caratti o Garatti}, A. and {Chen}, X. and {Chibueze}, J.~O. and
         {Houde}, M. and {Kaczmarek}, J.~F. and {Linz}, H. and {Rajabi}, F. and
         {Saito}, Y. and {Schmidl}, S. and {Sobolev}, A.~M. and {Stecklum}, B. and
         {van den Heever}, S.~P. and {Yonekura}, Y.},
        title = "{Detection of new methanol maser transitions associated with G358.93-0.03}",
      journal = {\mnras},
     keywords = {masers, stars: formation, stars: protostars, ISM: individual objects: MMB G358.931-0.030, ISM: molecules, radio lines: ISM, Astrophysics - Solar and Stellar Astrophysics, Astrophysics - Astrophysics of Galaxies},
         year = "2019",
        month = "Nov",
       volume = {489},
       number = {3},
        pages = {3981-3989},
          doi = {10.1093/mnras/stz2417},
archivePrefix = {arXiv},
       eprint = {1910.00685},
 primaryClass = {astro-ph.SR},
       adsurl = {https://ui.adsabs.harvard.edu/abs/2019MNRAS.489.3981M},
      adsnote = {Provided by the SAO/NASA Astrophysics Data System}
}


@ARTICLE{2015ATel.8286....1F,
       author = {{Fujisawa}, Kenta and {Yonekura}, Yoshinori and {Sugiyama}, Koichiro and
         {Horiuchi}, Hikari and {Hayashi}, Takehiro and {Hachisuka}, Kazuya and
         {Matsumoto}, Naoko and {Niinuma}, Kotaro},
        title = "{A flare of methanol maser in S255}",
      journal = {The Astronomer's Telegram},
     keywords = {Young Stellar Object},
         year = "2015",
        month = "Nov",
       volume = {8286},
        pages = {1},
       adsurl = {https://ui.adsabs.harvard.edu/abs/2015ATel.8286....1F},
      adsnote = {Provided by the SAO/NASA Astrophysics Data System}
}

@ARTICLE{2019ApJ...876L..25B,
       author = {{Breen}, S.~L. and {Sobolev}, A.~M. and {Kaczmarek}, J.~F. and
         {Ellingsen}, S.~P. and {McCarthy}, T.~P. and {Voronkov}, M.~A.},
        title = "{Discovery of Six New Class II Methanol Maser Transitions, Including the Unambiguous Detection of Three Torsionally Excited Lines toward G 358.931-0.030}",
      journal = {\apjl},
     keywords = {ISM: individual objects: G358.931-0.030, ISM: molecules, masers, radio lines: ISM, stars: formation, Astrophysics - Astrophysics of Galaxies, Astrophysics - Solar and Stellar Astrophysics},
         year = "2019",
        month = "May",
       volume = {876},
       number = {2},
          eid = {L25},
        pages = {L25},
          doi = {10.3847/2041-8213/ab191c},
archivePrefix = {arXiv},
       eprint = {1904.06853},
 primaryClass = {astro-ph.GA},
       adsurl = {https://ui.adsabs.harvard.edu/abs/2019ApJ...876L..25B},
      adsnote = {Provided by the SAO/NASA Astrophysics Data System}
}

@ARTICLE{2018A&A...617A..80S,
       author = {{Szymczak}, M. and {Olech}, M. and {Wolak}, P. and {G{\'e}rard}, E. and
         {Bartkiewicz}, A.},
        title = "{Giant burst of methanol maser in S255IR-NIRS3}",
      journal = {\aap},
     keywords = {masers, stars: massive, stars: formation, stars: individual: S255IR-NIRS3, ISM: molecules, Astrophysics - Astrophysics of Galaxies},
         year = "2018",
        month = "Sep",
       volume = {617},
          eid = {A80},
        pages = {A80},
          doi = {10.1051/0004-6361/201833443},
archivePrefix = {arXiv},
       eprint = {1807.07334},
 primaryClass = {astro-ph.GA},
       adsurl = {https://ui.adsabs.harvard.edu/abs/2018A&A...617A..80S},
      adsnote = {Provided by the SAO/NASA Astrophysics Data System}
}

@ARTICLE{2019ATel12446....1S,
       author = {{Sugiyama}, Koichiro and {Saito}, Yu and {Yonekura}, Yoshinori and
         {Momose}, Munetake},
        title = "{Bursting activity of the 6.668-GHz CH3OH maser detected in G 358.93-00.03 using the Hitachi 32-m}",
      journal = {The Astronomer's Telegram},
     keywords = {Variables, Young Stellar Object},
         year = "2019",
        month = "Jan",
       volume = {12446},
        pages = {1},
       adsurl = {https://ui.adsabs.harvard.edu/abs/2019ATel12446....1S},
      adsnote = {Provided by the SAO/NASA Astrophysics Data System}
}



@ARTICLE{1966VA......8..109H,
       author = {{Herbig}, G.~H.},
        title = "{On the interpretation of FU orionis}",
      journal = {Vistas in Astronomy},
         year = "1966",
        month = "Jan",
       volume = {8},
       number = {1},
        pages = {109-125},
          doi = {10.1016/0083-6656(66)90025-0},
       adsurl = {https://ui.adsabs.harvard.edu/abs/1966VA......8..109H},
      adsnote = {Provided by the SAO/NASA Astrophysics Data System}
}

@ARTICLE{1996ARA&A..34..207H,
       author = {{Hartmann}, Lee and {Kenyon}, Scott J.},
        title = "{The FU Orionis Phenomenon}",
      journal = {\araa},
         year = "1996",
        month = "Jan",
       volume = {34},
        pages = {207-240},
          doi = {10.1146/annurev.astro.34.1.207},
       adsurl = {https://ui.adsabs.harvard.edu/abs/1996ARA&A..34..207H},
      adsnote = {Provided by the SAO/NASA Astrophysics Data System}
}

@INPROCEEDINGS{2014prpl.conf..387A,
       author = {{Audard}, M. and {{\'A}brah{\'a}m}, P. and {Dunham}, M.~M. and
         {Green}, J.~D. and {Grosso}, N. and {Hamaguchi}, K. and
         {Kastner}, J.~H. and {K{\'o}sp{\'a}l}, {\'A}. and {Lodato}, G. and
         {Romanova}, M.~M. and {Skinner}, S.~L. and {Vorobyov}, E.~I. and
         {Zhu}, Z.},
        title = "{Episodic Accretion in Young Stars}",
     keywords = {Astrophysics - Solar and Stellar Astrophysics, Astrophysics - Astrophysics of Galaxies},
    booktitle = {Protostars and Planets VI},
         year = "2014",
       editor = {{Beuther}, Henrik and {Klessen}, Ralf S. and {Dullemond}, Cornelis P. and
         {Henning}, Thomas},
        month = "Jan",
        pages = {387},
          doi = {10.2458/azu\_uapress\_9780816531240-ch017},
archivePrefix = {arXiv},
       eprint = {1401.3368},
 primaryClass = {astro-ph.SR},
       adsurl = {https://ui.adsabs.harvard.edu/abs/2014prpl.conf..387A},
      adsnote = {Provided by the SAO/NASA Astrophysics Data System}
}

@ARTICLE{2019ApJ...881L..39B,
       author = {{Brogan}, C.~L. and {Hunter}, T.~R. and {Towner}, A.~P.~M. and
         {McGuire}, B.~A. and {MacLeod}, G.~C. and {Gurwell}, M.~A. and
         {Cyganowski}, C.~J. and {Brand}, J. and {Burns}, R.~A. and
         {Caratti o Garatti}, A. and {Chen}, X. and {Chibueze}, J.~O. and
         {Hirano}, N. and {Hirota}, T. and {Kim}, K. -T. and {Kramer}, B.~H. and
         {Linz}, H. and {Menten}, K.~M. and {Remijan}, A. and {Sanna}, A. and
         {Sobolev}, A.~M. and {Sridharan}, T.~K. and {Stecklum}, B. and
         {Sugiyama}, K. and {Surcis}, G. and {Van der Walt}, J. and
         {Volvach}, A.~E. and {Volvach}, L.~N.},
        title = "{Sub-arcsecond (Sub)millimeter Imaging of the Massive Protocluster G358.93{\ensuremath{-}}0.03: Discovery of 14 New Methanol Maser Lines Associated with a Hot Core}",
      journal = {\apjl},
     keywords = {ISM: individual objects: G358.93─0.03, masers, stars: formation, stars: protostars, Astrophysics - Solar and Stellar Astrophysics, Astrophysics - Astrophysics of Galaxies},
         year = "2019",
        month = "Aug",
       volume = {881},
       number = {2},
          eid = {L39},
        pages = {L39},
          doi = {10.3847/2041-8213/ab2f8a},
archivePrefix = {arXiv},
       eprint = {1907.02470},
 primaryClass = {astro-ph.SR},
       adsurl = {https://ui.adsabs.harvard.edu/abs/2019ApJ...881L..39B},
      adsnote = {Provided by the SAO/NASA Astrophysics Data System}
}

@ARTICLE{2017ApJ...837L..29H,
       author = {{Hunter}, T.~R. and {Brogan}, C.~L. and {MacLeod}, G. and
         {Cyganowski}, C.~J. and {Chandler}, C.~J. and {Chibueze}, J.~O. and
         {Friesen}, R. and {Indebetouw}, R. and {Thesner}, C. and {Young}, K.~H.},
        title = "{An Extraordinary Outburst in the Massive Protostellar System NGC6334I-MM1: Quadrupling of the Millimeter Continuum}",
      journal = {\apjl},
     keywords = {accretion, accretion disks, ISM: individual objects: NGC 6334I, radio continuum: ISM, stars: formation, stars: protostars, submillimeter: ISM, Astrophysics - Solar and Stellar Astrophysics, Astrophysics - Astrophysics of Galaxies},
         year = "2017",
        month = "Mar",
       volume = {837},
       number = {2},
          eid = {L29},
        pages = {L29},
          doi = {10.3847/2041-8213/aa5d0e},
archivePrefix = {arXiv},
       eprint = {1701.08637},
 primaryClass = {astro-ph.SR},
       adsurl = {https://ui.adsabs.harvard.edu/abs/2017ApJ...837L..29H},
      adsnote = {Provided by the SAO/NASA Astrophysics Data System}
}

@ARTICLE{2018MNRAS.478.1077M,
       author = {{MacLeod}, G.~C. and {Smits}, D.~P. and {Goedhart}, S. and
         {Hunter}, T.~R. and {Brogan}, C.~L. and {Chibueze}, J.~O. and
         {van den Heever}, S.~P. and {Thesner}, C.~J. and {Banda}, P.~J. and
         {Paulsen}, J.~D.},
        title = "{A masing event in NGC 6334I: contemporaneous flaring of hydroxyl, methanol, and water masers}",
      journal = {\mnras},
     keywords = {masers, stars: formation, stars: protostars, ISM: individual objects: NGC 6334I, ISM: molecules, radio lines: ISM, Astrophysics - Solar and Stellar Astrophysics, Astrophysics - Astrophysics of Galaxies},
         year = "2018",
        month = "Jul",
       volume = {478},
       number = {1},
        pages = {1077-1092},
          doi = {10.1093/mnras/sty996},
archivePrefix = {arXiv},
       eprint = {1804.05308},
 primaryClass = {astro-ph.SR},
       adsurl = {https://ui.adsabs.harvard.edu/abs/2018MNRAS.478.1077M},
      adsnote = {Provided by the SAO/NASA Astrophysics Data System}
}

@ARTICLE{2018ApJ...854..170H,
       author = {{Hunter}, T.~R. and {Brogan}, C.~L. and {MacLeod}, G.~C. and
         {Cyganowski}, C.~J. and {Chibueze}, J.~O. and {Friesen}, R. and
         {Hirota}, T. and {Smits}, D.~P. and {Chandler}, C.~J. and
         {Indebetouw}, R.},
        title = "{The Extraordinary Outburst in the Massive Protostellar System NGC 6334I-MM1: Emergence of Strong 6.7 GHz Methanol Masers}",
      journal = {\apj},
     keywords = {ISM: individual objects: NGC 6334I, ISM: magnetic fields, masers, radio continuum: ISM, stars: formation, stars: protostars, Astrophysics - Solar and Stellar Astrophysics, Astrophysics - Astrophysics of Galaxies},
         year = "2018",
        month = "Feb",
       volume = {854},
       number = {2},
          eid = {170},
        pages = {170},
          doi = {10.3847/1538-4357/aaa962},
archivePrefix = {arXiv},
       eprint = {1801.02141},
 primaryClass = {astro-ph.SR},
       adsurl = {https://ui.adsabs.harvard.edu/abs/2018ApJ...854..170H},
      adsnote = {Provided by the SAO/NASA Astrophysics Data System}
}

@ARTICLE{2016ATel.8732....1S,
       author = {{Stecklum}, Bringfried and {Caratti o Garatti}, Alessio and
         {Cardenas}, Maria Concepcion and {Greiner}, Jochen and
         {Kruehler}, Thomas and {Klose}, Sylvio and {Eisloeffel}, Jochen},
        title = "{The methanol maser flare of S255IR and an outburst from the high-mass YSO S255IR-NIRS3 - more than a coincidence?}",
      journal = {The Astronomer's Telegram},
     keywords = {Transient, Variables, Young Stellar Object},
         year = "2016",
        month = "Feb",
       volume = {8732},
        pages = {1},
       adsurl = {https://ui.adsabs.harvard.edu/abs/2016ATel.8732....1S},
      adsnote = {Provided by the SAO/NASA Astrophysics Data System}
}

@ARTICLE{2017NatPh..13..276C,
       author = {{Caratti o Garatti}, A. and {Stecklum}, B. and {Garcia Lopez}, R. and
         {Eisl{\"o}ffel}, J. and {Ray}, T.~P. and {Sanna}, A. and
         {Cesaroni}, R. and {Walmsley}, C.~M. and {Oudmaijer}, R.~D. and
         {de Wit}, W.~J. and {Moscadelli}, L. and {Greiner}, J. and
         {Krabbe}, A. and {Fischer}, C. and {Klein}, R. and {Iba{\~n}ez}, J.~M.},
        title = "{Disk-mediated accretion burst in a high-mass young stellar object}",
      journal = {Nature Physics},
     keywords = {Astrophysics - Solar and Stellar Astrophysics, Astrophysics - Astrophysics of Galaxies},
         year = "2017",
        month = "Mar",
       volume = {13},
       number = {3},
        pages = {276-279},
          doi = {10.1038/nphys3942},
archivePrefix = {arXiv},
       eprint = {1704.02628},
 primaryClass = {astro-ph.SR},
       adsurl = {https://ui.adsabs.harvard.edu/abs/2017NatPh..13..276C},
      adsnote = {Provided by the SAO/NASA Astrophysics Data System}
}